3094 4876
814 362 1286 449 NICEPHom
1322 376 1804 448 GREGORAE
1841 379 2078 450 VITA,
2330 388 2527 445 mu

325 550 488 623 gatos
502 560 525 600 t
569 559 837 619 quorum
864 559 1064 620 pauca
1084 539 1250 621 typis
1276 558 1558 623 expressa
1571 584 1591 618 ,
1632 540 1918 620 pleraque
1941 547 2142 600 autem
2163 546 2374 599 extant
2396 558 2529 600 ma·-

318 628 639 706 nuscripta
661 626 730 684 in
763 624 1079 684 codicibus
1106 625 1282 705 regiis
1307 623 1378 708 ¹).

489 713 691 771 Annis
716 730 795 770 ex
826 731 903 770 eo
930 720 1160 791 septem
1190 711 1405 792 elapsis
1447 706 1510 795 ¹)
1525 754 1546 785 ‚
1584 710 1747 771 idem
1777 711 2121 771 Barlaamus
2138 755 2156 787 ‚
2199 708 2526 789 Avenione,

326 818 445 878 qno
503 799 579 857 ab
624 799 1005 876 Imperatore
1064 799 1140 857 ad
1189 798 1412 878 Papam
1465 796 1833 857 clandestina
1866 792 1924 877 ⁸)
1974 796 2268 874 legatione
2312 796 2528 857 missus

328 887 524 943 fuerat
540 928 558 960 ,
654 882 1140 942 Thessalonicam
1216 896 1494 944 reversus
1556 903 1797 961 magnas
1873 882 2080 941 turbas
2150 881 2220 941 in
2283 881 2531 941 ecclesia

335 971 555 1028 Graeca
584 968 916 1044 excitavit3
962 987 1039 1028 ex
1070 969 1284 1048 quibus
1309 978 1521 1050 postea
1544 970 1769 1029 multae
1792 966 1856 1028 in
1881 968 2206 1048 Gregoram
2225 966 2534 1027 molestiae

336 1054 769 1115 redundarunt.
856 1053 1150 1114 Nimirum
1210 1055 1317 1114 ille
1362 1054 1620 1129 advena,
1664 1052 1985 1114 monachos
2021 1054 2279 1113 Graecos
2319 1061 2534 1112 nactus

342 1141 438 1219 qui
478 1160 539 1199 se
570 1140 854 1199 div-inum
880 1140 1085 1198 lumen
1118 1140 1311 1201 oculis
1357 1141 1659 1220 corporeis
1692 1140 1917 1199 intueri
1956 1138 2235 1199 dicebant
2250 1184 2269 1217 ,
2313 1139 2536 1199 Massa-

342 1225 680 1284 lianismmn
714 1224 796 1284 iis
826 1234 890 1284 et
918 1224 1589 1307 Omphalopsychorum
1615 1222 1675 1306 4)
1717 1245 1976 1286 errorem
2003 1225 2235 1285 obiecit.
2319 1225 2535 1284 Mona-

351 1309 600 1368 chorum
622 1311 1020 1390 patrocinium
1051 1312 1314 1393 suscepit
1339 1311 1440 1371 vir
1461 1330 1710 1390 magnae
1737 1312 1898 1392 apud
1923 1330 2023 1370 eos
2060 1309 2535 1386 existimationis,

361 1394 664 1473 Gregorius
695 1396 993 1473 Palamas,
1036 1397 1394 1478 iampridem
1434 1397 1565 1478 ipse
1611 1417 1853 1478 qnoque
1887 1396 2025 1457 ideo
2053 1405 2328 1472 notatus,
2373 1393 2541 1474 quod

364 1478 608 1540 divium
651 1483 1049 1542 subeuntium
1105 1483 1300 1544 oculis
1359 1484 1664 1565 corporeis
1712 1486 1904 1545 visam
1960 1503 1996 1541 a
2061 1503 2125 1542 se
2174 1480 2538 1541 iactavisset.

356 1564 491 1624 Ram
514 1565 679 1626 hunc
711 1568 1005 1647 Gregoraa
1032 1566 1088 1650 ⁶)
1110 1613 1129 1646 ,
1173 1578 1232 1629 et
1283 1569 1340 1629 ei
1369 1569 1779 1649 cognominem
1809 1568 2096 1648 deyn,
2142 1575 2456 1645 antequam
2481 1563 2537 1646 ⁶)

353 1650 681 1713 Barlaamus
711 1653 779 1712 in
806 1654 1119 1715 Graeciam
1147 1655 1439 1732 venisset,
1483 1656 1551 1715 id
1581 1655 1655 1715 de
1701 1677 1763 1714 se
1791 1654 2204 1735 praedicantes
2252 1648 2538 1726 audierat,

354 1744 413 1795 et
435 1738 658 1797 acribus
692 1737 815 1798 iam
851 1749 983 1799 tum
1008 1740 1206 1801 verbis
1227 1750 1558 1822 utrumque
1577 1740 2070 1821 reprehenderat.-
2113 1739 2388 1817 idemque
2410 1756 2540 1795 eam

360 1840 481 1880 rem
502 1843 704 1903 magno
738 1824 1099 1903 Logothetae
1140 1836 1200 1885 et
1228 1826 1595 1889 antistitibus
1632 1827 1862 1905 aliquot
1897 1824 2089 1886 doctis
2117 1824 2538 1885 declaraverat.

358 1905 437 1965 Hi
457 1926 588 1968 vero
624 1930 755 1969 eam
778 1912 1272 1973 massalianorum
1306 1911 1580 1975 haeresin
1611 1932 1735 1973 esse
1775 1912 2091 1986 dixerant,
2136 1919 2199 1971 et
2245 1907 2540 1971 eiusmodi

354 1990 651 2055 hominum
673 1998 1168 2059 consuetudinem
1200 2008 1274 2059 ut
1295 2000 1533 2077 fugeret
1556 2006 2019 2080 praeceperant3
2063 1995 2245 2074 idque
2288 2015 2358 2055 eo
2399 2014 2537 2054 ma-

356 2078 473 2155 gis,
512 2082 671 2158 quod
704 2102 925 2142 novam
948 2082 1223 2145 haeresin
1241 2130 1261 2160 ‚
1305 2103 1383 2143 ex
1405 2084 1536 2143 aliis
1565 2082 1840 2142 omnibus
1870 2081 2208 2155 conflatam,
2253 2080 2398 2140 olim
2426 2098 2540 2139 ex-

364 2162 645 2224 oriturum
670 2186 812 2244 esse,
856 2177 918 2228 et
941 2169 1232 2248 generalis
1267 2168 1524 2228 Concilii
1554 2167 1793 2227 decreto
1841 2174 2177 2227 correctum
2220 2163 2332 2239 iri,
2372 2170 2543 2222 vete-

371 2246 459 2305 ris
491 2249 769 2311 cuiusdam
804 2253 1157 2335 prophetiae
1187 2255 1502 2314 admonitu
1544 2251 1899 2313 didicerant.
1983 2246 2296 2312 Monachis
2339 2246 2540 2327 igitur,

373 2330 588 2392 Palama
613 2336 785 2414 duce,
830 2359 946 2420 pro
991 2360 1102 2400 suo
1135 2359 1336 2401 errore
1372 2338 1934 2420 propugnantibus,
1978 2344 2036 2397 et
2075 2336 2314 2411 lumen,
2377 2331 2545 2412 quod

364 2415 427 2476 in
449 2430 636 2482 monte
651 2421 889 2486 Thabor
925 2424 1254 2507 discipulos
1272 2423 1493 2487 Christi
1529 2424 2043 2500 circumfulsisset,
2084 2420 2424 2483 increatum
2456 2417 2544 2479 si·-

354 2504 477 2563 mul
496 2516 554 2566 et
573 2510 933 2589 aspectabile
961 2512 1145 2572 fnisse
1179 2511 1596 2572 dictitantibus
1611 2537 1633 2589 3
1673 2511 1985 2571 Barlaamo
2042 2516 2242 2568 autem
2281 2507 2544 2583 δυθεΐαν,

355 2591 455 2649 se‘n
482 2590 735 2674 duplicis
765 2596 870 2655 Dei
917 2598 1147 2657 cultum
1171 2642 1189 2674 ,
1232 2617 1342 2678 per
1383 2617 1515 2657 eam
1553 2597 1899 2677 opinionem
1933 2592 2144 2654 invehi
2187 2591 2544 2668 affirmante,

352 2675 722 2740 Andronicus
762 2681 1095 2763 Imperator
1145 2683 1273 2742 litis
1313 2682 1680 2743 dirimendae
1728 2701 1907 2742 causa
1948 2678 2285 2740 Concilium
2319 2676 2548 2737 haben-

352 2760 494 2822 dum
526 2766 781 2830 cenauit.
868 2767 1078 2848 Itaque
1112 2789 1268 2828 anno
1298 2768 1529 2829 Christi
1562 2787 1870 2844 Μοῦσαι,
1912 2785 2115 2826 mense
2140 2763 2349 2841 lunio,
2388 2763 2452 2821 in
2485 2761 2546 2820 S.

346 2847 602 2929 Sophiae
650 2852 859 2913 aedem
903 2853 1333 2934 Byzantiorum
1390 2852 1703 2914 lectissimi
1747 2873 1818 2913 ac
1863 2850 2193 2912 doctissimi
2244 2866 2551 2909 convene-

342 2944 486 2994 runt
507 2934 589 3015 ⁷).
677 2937 1005 3018 Gregoram
1041 2940 1115 3000 ab
1140 2940 1506 3020 Imperatore
1534 2950 1596 3000 et
1628 2960 1662 2998 a
1688 2935 2034 3019 patriarcha
2072 2934 2400 2996 invitatum
2435 2931 2549 2991 do-

339 3019 424 3078 mi
463 3020 730 3084 detinuit
775 3023 986 3106 capitis
1027 3024 1201 3086 dolor
1235 3024 1828 3100 vehementissimus5
1883 3022 1992 3103 qui
2038 3015 2284 3081 morbus
2318 3015 2394 3098 ⁸),
2438 3035 2549 3096 per

334 3102 662 3168 intervalla
692 3118 755 3169 et
788 3110 966 3171 certis
995 3109 1362 3192 temporibus
1388 3130 1705 3171 recurrens
1722 3155 1742 3185 ,
1782 3117 1910 3168 tota
1942 3107 2070 3167 vita
2116 3126 2254 3166 eum
2290 3101 2552 3172 afflicta-

332 3190 449 3252 vit.
534 3192 870 3276 Imperator
897 3195 1003 3256 illa
1032 3196 1130 3258 die
1156 3197 1463 3277 praeclare
1494 3204 1558 3255 et
1593 3214 1808 3274 magno
1838 3192 2105 3252 omnium
2143 3192 2364 3272 plausu
2390 3207 2552 3247 con-

334 3275 619 3339 cionatus
673 3280 977 3343 absentem
1035 3282 1436 3359 desideravit,
1489 3299 1678 3360 eoque
1735 3277 2013 3340 auditore
2043 3278 2293 3340 moleste
2336 3272 2550 3338 caruit.

331 3361 659 3424 Caeterum
692 3365 763 3426 in
805 3387 872 3427 ea
912 3367 1149 3448 synodo
1192 3367 1340 3448 quid
1376 3377 1584 3427 actum
1635 3365 1715 3426 sit
1756 3385 1882 3426 non
1927 3373 2189 3441 constat,
2231 3369 2553 3443 propterea

331 3446 512 3527 quod
543 3448 710 3510 illius
741 3454 875 3513 aevi
896 3452 1224 3533 scriptores
1261 3453 1364 3513 alii
1392 3453 1600 3529 aliter,
1644 3461 1706 3512 et
1729 3472 1844 3532 pro
1900 3471 2008 3510 suo
2040 3450 2287 3528 quisque
2313 3445 2551 3520 affectu,

329 3551 470 3595 rem
490 3545 747 3598 narrant
774 3535 850 3619 ⁹).
934 3537 1009 3600 ln
1034 3558 1104 3598 eo
1150 3548 1354 3600 tamen
1382 3539 1830 3599 Cantacuzenus
1877 3545 1940 3596 et
1969 3536 2262 3614 Gregoras
2300 3550 2554 3591 consen-

408 3700 711 3829 ¹³2ffi
721 3704 875 3831 ¹1⁹3ae⁷³
907 3705 1062 3830 'ffi-
1093 3704 1554 3831 {3⁵¹·1m²3.ss:
1577 3705 1648 3831 {³5
1682 3718 1913 3828 w*
2020 3696 2558 3839 43³1?ss353235133:

480 3858 614 3896 rum.
683 3842 897 3912 &vide
918 3845 1058 3899 Hist.
1081 3815 1211 3915 Byr.
1229 3844 1320 3899 lib.
1350 3860 1461 3899 xxx.
1498 3861 1549 3897 c.
1583 3847 1632 3900 1.
1668 3849 1798 3897 sect.
1826 3838 1881 3897 4.
1948 3839 2014 3910 6)
2037 3843 2172 3893 Ante
2197 3854 2381 3890 annum
2406 3836 2557 3892 1328.

480 3912 552 3981 7)
584 3911 730 3965 ffist.
761 3912 856 3967 lib.
892 3929 966 3968 ιι.
1003 3934 1049 3971 c.
1073 3918 1160 3970 20.
1298 3916 1361 3984 8)
1407 3915 1678 3983 Gregoras
1711 3912 1905 3982 passim
1941 3910 1997 3963 in
2025 3908 2176 3962 libris
2202 3908 2307 3961 suis
2344 3904 2560 3960 mentio-

486 3997 604 4036 nem
641 3982 815 4035 eiusce
846 3984 1014 4038 morbi
1048 3983 1289 4037 inculcat.
1370 3983 1510 4038 Vide
1549 3982 1775 4036 libellum
1788 4020 1805 4046 ‚
1840 3977 1985 4036 κατὰ
2011 3981 2124 4034 τῶν
2156 3978 2263 4033 τοῦ
2300 3975 2563 4046 Γρηγορᾶ

484 4047 838 4120 loanni-cmv.
976 4053 1041 4138 9)
1087 4055 1483 4107 Cantacuzenus
1526 4052 1722 4106 victum
1753 4051 2079 4104 Barlaamum
2111 4047 2311 4102 veniam
2347 4044 2561 4127 petiisse

489 4125 547 4175 et
574 4120 822 4174 Palamae
855 4118 1140 4177 doctrinam
1177 4141 1209 4176 a
1248 4124 1495 4193 probasse
1544 4120 1742 4175 scribit.
1837 4120 2060 4173 Ioannes
2133 4115 2391 4170 atriarcha
2405 4152 2423 4178 ‚
2506 4130 2561 4165 ui

491 4190 689 4259 syuodo
762 4192 985 4257 tatuit,
1022 4192 1091 4246 de
1118 4192 1221 4246 duo
1255 4209 1316 4246 us
1337 4197 1533 4245 tantum
1567 4188 1839 4260 capitulis,
1885 4205 2067 4258 nempe
2124 4205 2156 4240 e
2184 4183 2448 4238 Thaborio
2470 4132 2562 4235 ¹iu-

493 4260 630 4312 mine
652 4265 711 4312 et
726 4208 801 4314 ge
822 4262 1127 4332 precatione
1146 4262 1305 4316 latam
1327 4259 1634 4315 sententiam
1655 4259 1733 4312 ait
1757 4257 1895 4329 apud
1905 4259 2067 4312 Leon.
2078 4256 2232 4309 Anat.
2246 4254 2328 4306 De
2354 4251 2560 4334 Eccles.

497 4327 685 4384 occid.
747 4334 804 4381 et
849 4331 1051 4386 Orient-
1109 4347 1257 4402 perp.
1320 4346 1460 4384 cons.
1507 4328 1600 4384 lib.
1634 4343 1692 4382 ιι.
1740 4346 1786 4383 c.
1833 4328 1922 4385 17.
2022 4326 2292 4395 Gregoras
2340 4321 2564 4403 demflue

499 4398 658 4453 solam
689 4399 1041 4470 quantiam
1073 4399 1143 4456 de
1182 4401 1486 4473 precatione
1531 4398 1816 4469 agitatam3
1853 4394 1994 4470 quod
2029 4393 2096 4451 ad
2130 4396 2343 4449 caetera
2374 4393 2566 4445 atune-
