3094 4876
492 302 651 354 xxlv
952 284 1431 360 NlCEPHORI
1470 286 1964 358 GREGORAE
2005 288 2240 357 VITAz

488 458 713 513 teratos
738 468 956 509 nomen
981 448 1284 509 Theodori
1310 446 1686 525 Metochitae‚
1713 468 1906 529 nuper
1931 447 2004 507 ab
2036 446 2221 509 exilio
2241 447 2542 526 revocati3
2569 464 2685 507 nec

490 538 690 598 minor
715 536 1035 614 Gregoram
1068 534 1419 595 eruditionis
1460 535 1618 594 fama
1650 534 2115 597 commendabat.
2199 534 2308 593 His
2341 534 2683 594 Barlaamus

493 621 882 683 obtrectando
902 669 921 700 ‚
966 639 1028 679 se
1060 621 1258 702 ipsum
1287 619 1599 680 venditare
1639 628 1700 679 et
1729 620 1931 680 fucum
1960 619 2252 700 imperitis
2284 622 2480 681 facere
2501 618 2684 677 insti-

490 707 643 767 tuit:
689 726 760 765 ac
793 706 1151 779 nonnullos,
1195 726 1435 766 morum
1475 704 1860 764 similitudine
1893 705 2277 782 conciliatos,
2321 706 2395 765 ad
2429 725 2492 765 se
2530 705 2684 764 alle-

492 794 617 869 xit3
661 811 799 851 cum
834 792 1053 871 quibus
1088 791 1193 851 diu
1221 810 1353 870 spes
1383 810 1569 851 vanas
1600 790 1766 853 aluit.
1825 790 2129 868 hemum,
2172 791 2312 870 quia
2348 789 2513 850 haud
2542 810 2687 849 suc-

494 877 773 954 cedebat,
817 886 876 935 et
900 876 1204 936 hominem
1227 875 1604 935 ambitiosum
1635 873 1959 956 Nicephori
1996 876 2287 955 Gregoras
2328 876 2485 935 fama
2532 894 2688 935 ure-

493 962 629 1038 bat,
674 962 807 1020 ideo
848 960 1042 1038 hunc,
1100 962 1483 1021 suadentibus
1529 961 1873 1038 nonnullis,
1918 972 2121 1042 aperte
2169 961 2458 1022 lacessere
2513 970 2576 1020 et
2608 958 2688 1019 ad

495 1047 861 1107 dialecticam
924 1067 1183 1128 pugnam
1234 1066 1568 1129 provocare
1623 1067 1796 1106 ausus
1849 1055 1957 1107 est.
2079 1049 2370 1126 Gregoras
2426 1045 2689 1127 propriis

494 1133 766 1193 cladibus
826 1152 897 1191 ac
951 1133 1196 1213 insuper
1241 1132 1416 1192 amici
1461 1132 1819 1193 Metochitae
1859 1132 2073 1192 morbo
2124 1132 2476 1211 gravissimo
2527 1130 2691 1191 affli-

493 1227 630 1278 ctus
673 1227 970 1277 certamen
1012 1219 1187 1278 initio
1230 1217 1613 1277 detrectabat.
1696 1218 1922 1277 Deinde
1965 1217 2173 1276 amicis
2219 1218 2586 1296 rogantibus,
2629 1224 2692 1276 et

491 1312 567 1363 ut
604 1323 773 1368 suam
799 1323 1159 1384 suorumque
1178 1302 1563 1385 popularium
1590 1301 1837 1381 gloriam
1859 1311 2131 1361 tueretur
2147 1301 2551 1381 hortantibus,
2587 1302 2694 1361 iu-

493 1386 670 1449 bente
695 1387 873 1448 etiam
901 1398 961 1448 et
989 1391 1166 1459 minis
1195 1397 1442 1467 urgente
1470 1387 1671 1446 nescio
1700 1406 1819 1466 quo
1839 1382 1893 1468 1)
1927 1405 2169 1465 maguae
2193 1388 2568 1447 auctoritatis
2596 1386 2694 1445 vi-

492 1493 598 1550 ro,
642 1473 707 1533 in
735 1494 972 1535 arenam
1009 1495 1178 1553 aegne
1221 1472 1559 1549 descendit,
1602 1472 1677 1531 de
1721 1471 2073 1532 eruditionis
2115 1473 2318 1552 palma
2362 1492 2498 1531 cum
2537 1458 2692 1531 Italo

495 1558 924 1619 decertaturus.
996 1560 1066 1619 In
1092 1579 1158 1618 ea
1185 1558 1588 1637 disputatione
1620 1557 2049 1635 adversarium,
2083 1557 2190 1636 qui
2212 1577 2275 1617 se
2306 1557 2504 1616 omnia
2533 1556 2691 1615 scire

496 1643 785 1722 gloriatus
823 1646 1051 1718 fuerat,
1105 1664 1173 1702 eo
1215 1642 1475 1720 redegit,
1542 1652 1613 1701 ut
1670 1664 1732 1702 se
1776 1641 2201 1718 astronomiae,
2255 1642 2694 1720 grammaticae,

495 1726 827 1797 rhetoricae
860 1738 921 1787 et
966 1729 1233 1806 poeticae
1267 1728 1445 1807 plane
1492 1728 1707 1788 rudem
1735 1749 1861 1789 esse
1891 1729 2232 1789 fateretur}
2258 1727 2442 1787 immo
2469 1747 2582 1788 nec
2608 1724 2697 1785 li-

495 1811 638 1875 bros
669 1812 1007 1872 Aristotelis
1045 1814 1193 1872 alios
1241 1833 1450 1890 nosse,
1492 1814 1611 1873 nisi
1661 1814 1763 1892 qui
1808 1814 1881 1874 de
1917 1813 2094 1874 rebus
2124 1812 2391 1894 physicis
2435 1820 2697 1891 agerent,

498 1898 703 1957 autad
729 1898 1097 1958 dialecticam
1119 1899 1506 1979 pertinerent.
1590 1899 1901 1960 Praeterea
1933 1898 2188 1978 logicam
2211 1906 2272 1958 et
2297 1898 2696 1976 syllogismos,

498 1982 715 2063 quibus
746 1984 885 2042 Itali
909 1985 1087 2043 unice
1112 1987 1454 2062 gauderent,
1496 2006 1624 2044 non
1654 1985 1964 2049 scientiam
1995 1984 2099 2044 sed
2140 1984 2419 2053 scientiae
2453 1983 2699 2042 instru-

484 2078 785 2146 mentum,
829 2069 1093 2149 adeoque
1114 2069 1360 2130 humilis
1385 2069 1614 2148 ingenii
1642 2080 2059 2131 ornamentum
2088 2089 2212 2131 esse
2237 2069 2469 2131 docuit.
2553 2064 2702 2126 Ari-

494 2155 769 2214 stotelem
798 2175 976 2232 vero,
1022 2176 1195 2233 quem
1223 2154 1568 2215 Barlaamus
1604 2176 1714 2234 per
1746 2158 1944 2216 omnia
1969 2154 2081 2215 sibi
2114 2164 2386 2216 constare
2431 2153 2705 2213 affirma-

495 2249 622 2314 ret,
665 2260 791 2298 non
824 2241 1005 2299 semel
1033 2240 1227 2319 ipsum
1260 2259 1463 2298 secum
1505 2243 1861 2318 pugnavisse
1902 2239 2184 2300 ostendit.
2272 2239 2532 2299 Cedente
2555 2240 2709 2298 Bar-

468 2322 719 2399 ‚laamo,
764 2324 914 2382 alter
941 2322 996 2401 ²)
1050 2323 1274 2383 athleta
1322 2325 1587 2383 surrexit
1641 2334 1701 2384 et
1751 2347 1865 2405 pro
1906 2325 2229 2384 Aristotele
2268 2322 2708 2403 propugnavit3

496 2408 603 2468 sed
635 2409 858 2467 frustra
887 2410 1014 2488 ipse
1045 2428 1303 2489 quoque.
1394 2410 1688 2486 Gregoras
1731 2410 1932 2472 victor
1948 2405 2003 2494 ³)
2041 2409 2377 2469 declaratus
2398 2453 2415 2486 ,
2458 2407 2709 2469 Princi-

462 2559 469 2570 .
496 2512 642 2573 pum
666 2493 1078 2554 benevolentia
1101 2514 1170 2553 eo
1204 2497 1414 2555 merito
1446 2496 1737 2572 collecta,
1777 2497 1846 2554 in
1870 2494 2196 2576 pristinum
2233 2494 2455 2573 gratiae
2492 2502 2551 2553 et
2581 2491 2709 2552 ho-

496 2577 665 2638 noris
707 2579 912 2638 locum
954 2580 1270 2640 restitutus
1317 2591 1425 2641 est.
1509 2580 1887 2654 Barlaamus,
1944 2580 2238 2640 maculam
2284 2579 2400 2639 sibi
2437 2579 2711 2638 inustam

498 2661 702 2723 delere
731 2664 968 2743 saepius
1017 2674 1297 2738 conatus,
1339 2674 1655 2746 postquam
1701 2667 1967 2726 omnium
2012 2664 2444 2745 Byzantiorum
2480 2665 2711 2725 volun·

496 2756 649 2807 tates
675 2770 708 2805 a
737 2769 800 2809 se
832 2769 1069 2810 aversas
1093 2759 1154 2809 et
1175 2752 1242 2811 in
1270 2752 1593 2832 Gregoram
1621 2772 1953 2834 propensas
1987 2751 2429 2829 animadvertit,
2471 2753 2712 2833 recepit

498 2851 564 2894 se
590 2833 667 2892 ad
696 2833 1265 2895 Thessalonicenses.

667 2918 757 2978 Ita
784 2919 1074 2998 Gregoras
1110 2922 1188 2980 ad
1212 2921 1473 3002 primum
1502 2922 1663 2981 vitae
1689 2921 2073 3001 institutum,
2115 2921 2235 2982 hoc
2263 2931 2356 2983 est
2387 2922 2466 2982 ad
2491 2920 2711 3002 publi-

460 3022 635 3067 .,cam
679 3004 933 3064 docendi
981 3005 1411 3086 professionem
1449 3007 1650 3070 rediit.
1736 3009 1821 3067 Eo
1866 3019 2062 3069 autem
2112 3027 2357 3068 munere
2407 3007 2711 3088 plurimos

500 3088 770 3148 omnium
799 3091 1094 3168 gentium,
1138 3091 1452 3169 ordinum,
1499 3092 1949 3171 conditionum,
1991 3093 2264 3154 homines
2293 3093 2620 3153 obstrictos
2648 3101 2711 3151 et

500 3173 669 3251 quasi
698 3176 1067 3254 mancipatos
1092 3176 1333 3256 habuit;
1376 3188 1449 3236 ut
1475 3187 1533 3238 et
1560 3187 1836 3258 parentes
1865 3189 1926 3240 et
1950 3180 2158 3257 liberi,
2204 3189 2263 3240 et
2288 3188 2451 3240 totae
2476 3178 2710 3237 civium

501 3257 794 3336 familiae,
847 3261 1134 3321 maximas
1183 3263 1238 3321 ei
1280 3263 1501 3343 gratias
1540 3262 1869 3342 haberent,
1910 3264 2080 3326 velut
2134 3264 2293 3345 patri
2338 3273 2398 3323 et
2438 3260 2516 3322 ad
2556 3261 2710 3342 pul-

500 3340 792 3402 cherrima
817 3365 1081 3425 quaeque
1104 3348 1416 3426 praeeunti
1447 3350 1781 3410 studiorum
1814 3349 2194 3411 moderatori.
2276 3347 2451 3407 Unde
2486 3355 2547 3407 et
2569 3367 2709 3407 no-

498 3446 638 3486 men
668 3428 781 3487 sibi
810 3429 983 3504 fecit,
1024 3439 1152 3490 toto
1178 3433 1301 3492 fere
1333 3433 1475 3492 orbe
1504 3444 1718 3494 notum
1755 3457 1825 3495 ac
1848 3437 2213 3496 celebratum
2231 3478 2249 3509 ,
2294 3443 2355 3492 et
2376 3453 2488 3512 per
2518 3442 2706 3490 anto-

498 3514 828 3573 nomasiam
870 3513 1269 3597 Philosophus
1300 3515 1359 3595 4)
1403 3518 1584 3597 vulgo
1629 3519 1827 3580 dictus
1858 3531 1979 3595 est,
2027 3528 2099 3578 ut
2146 3518 2329 3579 hodie
2373 3518 2439 3577 in
2478 3516 2741 3589 scholis,

499 3595 866 3660 Aristoteles.
949 3599 1151 3681 Neque
1177 3622 1319 3664 vero
1348 3603 1642 3674 imberbes
1671 3606 1864 3666 solum
1895 3604 2301 3665 adolescentes
2328 3602 2395 3662 in
2426 3602 2553 3663 eius
2585 3602 2706 3664 do-

573 3780 635 3850 1)
685 3783 954 3853 Gregoras
1004 3787 1059 3839 in
1095 3787 1300 3859 dialogo
1337 3790 1668 3843 Demaratum
1715 3806 1830 3843 eum
1870 3793 2026 3843 vocat
2039 3825 2058 3854 ‚
2103 3790 2227 3844 ficto
2268 3788 2480 3844 nomine.
2565 3787 2702 3842 For-

639 3854 780 3905 tasse
808 3855 855 3906 is
894 3856 993 3909 fuit
1030 3857 1440 3914 Cantacuzenus.
1589 3861 1655 3927 2)
1695 3859 1757 3912 In
1796 3859 2003 3929 dialogo
2030 3867 2248 3914 vocatur
2279 3860 2326 3912 is
2361 3860 2700 3922 xenocrates,

635 3918 899 3976 Nausiclis
926 3925 1081 4008 filius.
1219 3927 1284 3995 3)
1316 3929 1399 3981 De
1420 3945 1484 3982 ea
1507 3927 1729 3983 victoria
1749 3928 1941 3999 passim
2006 3928 2221 3983 loriatur
2255 3929 2309 3982 in
2340 3927 2573 3982 Historia
2606 3925 2697 3979 lib.

640 4004 714 4041 xi.
749 4009 795 4076 e.
844 3996 928 4049 10.
976 3994 1065 4049 hb.
1090 4010 1321 4082 nume.
1346 3996 1397 4049 7.
1457 3997 1545 4049 lib.
1578 4013 1691 4051 xxx.
1727 4001 1854 4082 ⁰’.¹·
1882 4015 1925 4049 s.
1999 4037 2014 4050 .
2052 4005 2155 4054 etc.
2310 3995 2373 4065 4)
2409 3995 2612 4081 Sequor
2645 3999 2701 4049 et

638 4061 955 4194 Ξὲῗιῖἕὲἔὲἷ
988 4069 1431 4204 ffidf‘ssggf’ssssz?
1446 4069 2179 4206 εζῖοἳιᾶῗέἓῗωῗῇᾙ
2189 4065 2701 4205 ῗὲῗὲῗιῗῑῗὲᾣῦἑ

641 4205 812 4323 3³33}
836 4200 1027 4324 int-Vriaae-le
1063 4202 1204 4257 nist.
1241 4202 1331 4258 lib.
1360 4221 1490 4259 xxv.
1527 4223 1645 4275 cap.
1674 4206 1767 4259 ult.
1806 4211 1861 4260 et
1896 4204 2165 4275 epistolam
2190 4204 2441 4277 Lampeni
2469 4202 2699 4260 'ratcha-
