3094 4876
449 236 645 287 um
866 224 1338 297 NICEPHORI
1382 224 1865 297 GREGORAE
1905 226 2263 297 ELOGIA.

449 393 684 464 autem,
723 383 830 445 ubi
887 383 1312 465 philosophum
1340 381 1392 465 1)
1418 384 1514 445 'ad
1540 385 1717 447 illum
1747 385 1917 444 cuius
1961 385 2314 467 iampridem
2353 383 2647 445 desiderio

451 471 690 532 arsisset
720 469 1060 547 migravisse
1093 470 1420 550 comperit,
1466 491 1605 530 cum
1637 479 1697 530 et
1725 471 1851 549 ipse
1881 468 1942 547 ²)
1985 472 2165 531 sciret
2211 480 2456 530 tuorum
2502 490 2652 549 ope-

449 576 590 617 rum
618 555 914 615 fervidum
943 564 1391 635 melamatorem
1410 600 1428 631 ‚
1473 576 1544 614 ac
1573 577 1652 633 se,
1696 554 1745 614 si
1774 555 1995 615 librum
2028 556 2287 632 afferret,
2330 554 2649 613 maximam

449 663 485 700 a
514 659 608 699 me
647 639 895 718 gratiam
938 640 1261 717 initurum,
1303 640 1473 699 illum
1513 641 1714 720 ipsum
1747 640 1966 700 librum
2000 643 2246 700 allatum
2279 638 2430 699 mihi
2459 638 2652 698 tradi-

449 725 576 803 dit,
628 735 690 785 et
735 724 937 784 verbis
984 745 1272 805 perquam
1291 724 1669 807 ‘honorificis
1714 725 2088 805 alloqnutm,
2147 725 2353 805 accipe
2400 721 2649 806 (inquit)

452 831 601 890 quas
650 810 885 869 amabas
925 811 1244 871 orationes.
1329 813 1444 871 Pro
1487 831 1609 890 quo
1655 830 1901 870 munere
1920 811 2139 890 gratias
2167 811 2220 871 ei
2253 809 2652 891 persolvimus

447 916 561 955 nec
588 914 835 994 parvas,
877 914 990 954 nec
1026 915 1282 975 quarum
1316 895 1493 955 illum
1533 896 1886 976 poeniteret.
1969 898 2062 956 Ex
2115 896 2223 956 illo
2270 893 2462 953 nostri
2499 895 2566 952 in
2590 903 2653 953 te

449 980 671 1039 amoris
689 980 786 1039 vis
808 999 1018 1057 magna
1051 980 1284 1055 extitit,
1329 1000 1364 1039 ο
1412 984 1626 1061 ingens
1646 981 1858 1062 glorta
1876 980 2201 1041 Achivam.
2287 980 2654 1040 Graecorum

450 1065 674 1146 quippe
702 1074 771 1123 tu
797 1064 1022 1143 gloria3
1058 1064 1177 1124 nisi
1214 1065 1418 1145 potius
1453 1086 1662 1125 eorum
1691 1066 1892 1146 pudor
1932 1086 1994 1126 es
2024 1076 2085 1126 et
2118 1066 2326 1140 dolor,
2371 1085 2443 1123 eo
2490 1061 2653 1143 quod

445 1150 586 1209 illos
617 1150 1023 1230 superaveris,
1066 1150 1170 1228 qui
1205 1151 1269 1209 in
1301 1151 1676 1251 eloquentiae
1716 1150 1913 1211 studio
1946 1160 2195 1211 aetatem
2237 1169 2473 1211 omnem
2507 1169 2653 1207 con-

447 1236 766 1295 triverunt.
850 1235 974 1295 Nos
1015 1244 1178 1294 certe
1220 1235 1267 1295 ii
1316 1236 1560 1296 minime
1604 1256 1808 1296 sumus
1853 1235 2095 1316 [quibus
2139 1236 2429 1316 pudorem
2473 1231 2652 1293 simul

451 1318 836 1398 doloremque
865 1340 931 1378 ea
958 1340 1027 1381 re
1050 1317 1308 1401 afferas}
1388 1321 1576 1380 Immo
1601 1341 1745 1381 vero
1769 1322 2153 1399 gratulamur,
2182 1341 2252 1378 ac
2275 1317 2655 1399 triumphum

451 1403 528 1464 de
570 1405 848 1466 omnibus
884 1405 1295 1464 lubentissime
1323 1406 1431 1465 uni
1464 1406 1576 1464 tibi
1609 1405 2001 1467 decernimus.
2084 1406 2165 1466 At
2193 1405 2245 1465 si
2273 1403 2342 1463 id
2363 1413 2494 1463 tute
2523 1404 2654 1484 ipse

449 1508 701 1568 aequum
719 1490 1098 1568 indicaveris,
1117 1490 1405 1550 iudicabis
1420 1501 1635 1566 autem,
1666 1499 1737 1551 ut
1760 1511 1954 1570 spero,
1986 1510 2240 1571 aequum
2270 1509 2416 1567 esse,
2444 1509 2522 1547 ne
2546 1488 2652 1568 qui

448 1574 536 1632 sic
550 1584 654 1634 tua
673 1584 844 1647 amet,
871 1576 1043 1633 aolus
1059 1574 1314 1655 degente
1326 1576 1599 1657 Pelasga
1615 1573 1961 1653 Ιιιιίυιζαιιιε
1976 1587 2071 1634 eat
2087 1574 2418 1653 litterisque
2437 1583 2650 1650 careat,

450 1679 599 1802 Ruae
620 1707 637 1735 ‚
679 1681 804 1719 non
831 1661 1026 1719 solum
1053 1661 1131 1719 ad
1150 1660 1297 1720 alios
1328 1661 1435 1720 sed
1470 1661 1547 1721 ad
1585 1681 1720 1721 eum
1752 1662 1931 1719 etiam
1960 1662 2252 1741 scriptae,
2292 1659 2409 1738 ipsi
2439 1659 2563 1717 sint
2585 1658 2652 1716 in

496 1741 738 1822 eliciis),
783 1744 862 1802 ad
890 1765 1000 1804 nos
1028 1766 1264 1824 quoque
1297 1745 1629 1826 scripturus
1653 1766 1734 1817 es,
1777 1757 1850 1805 ut
1878 1766 1954 1805 ne
1979 1747 2202 1805 frustra
2233 1764 2430 1802 amare
2453 1742 2652 1803 videa·
2739 1758 2755 1778 ·

447 1848 605 1888 mur.
691 1828 872 1902 Quod
894 1830 944 1888 si
979 1850 1118 1911 ego,
1156 1830 1300 1890 licet
1324 1851 1570 1891 aureum
1600 1840 1782 1911 caput
1808 1840 1975 1890 tuum
2004 1830 2270 1890 nondum
2299 1828 2650 1909 aspexerim,
2710 1850 2724 1860 ·

446 1933 563 1973 nec
611 1913 854 1974 aliunde
897 1914 1009 1974 sim
1047 1915 1225 1975 valde
1268 1925 1485 1994 notus,
1529 1915 1922 1976 nihilominus
1963 1924 2166 1975 tamen
2205 1914 2284 1974 ad
2335 1922 2394 1972 te
2434 1913 2647 1989 scribe,

445 1998 516 2058 id
547 2008 618 2059 tu
646 2019 723 2058 ne
746 2000 1028 2060 audaciae
1056 2000 1164 2060 sed
1187 2001 1405 2061 amoris
1431 2022 1560 2061 esse
1588 2000 1786 2063 ducas.
1874 2002 2183 2061 Caeterum
2210 1999 2491 2080 quoniam
2520 1997 2654 2056 ani-
2767 2060 2784 2075 ὑ

447 2104 580 2143 mus
615 2085 856 2165 corpori
880 2095 1178 2166 praestat,
1218 2087 1465 2147 meliore
1496 2086 1710 2166 utique
1735 2086 1929 2146 nostri
1958 2095 2132 2169 parte
2169 2096 2371 2147 tecum
2409 2103 2648 2162 sumus3

448 2169 743 2250 siquidem
762 2171 958 2232 foetus
982 2172 1200 2232 mentis
1230 2182 1320 2232 est
1341 2171 1407 2231 id
1438 2171 1603 2252 quod
1631 2171 1938 2232 scribitur.

1059 2319 1171 2385 Vl.
1215 2320 1609 2387 Philotlzeus
1648 2321 1892 2387 iterum
1940 2320 2013 2402 ³).

613 2437 688 2501 ‘0
719 2443 1026 2547 Γρηγορας
1056 2436 1414 2548 Νικηφόρος
1451 2441 1555 2505 καὶ
1595 2438 1782 2505 πάλαι
1794 2431 2006 2545 μὲν*
1959 2467 2042 2524 ην
2068 2438 2498 2547 προσκείμενος
2521 2445 2653 2516 ταῖς
2681 2455 2700 2468 “

446 2525 560 2587 τοῦ
612 2521 900 2631 Βαρλαᾶμ
938 2525 1041 2590 καὶ
1083 2521 1445 2590 ’Λκινδυνου
1484 2534 1698 2602 κακαῖς
1741 2521 1957 2603 δόξαις.
2029 2524 2129 2591 διὰ
2169 2527 2274 2590 καὶ
2308 2521 2655 2635 ἐπηρεάζων

445 2632 545 2756 a
570 2612 649 2693 τῇ
685 2604 1001 2693 ὄρθοδόξῳ
1048 2615 1163 2676 τοῦ
1188 2616 1349 2675 θεοῦ
1380 2611 1699 2714 ἐκκλησία,
1745 2613 1802 2676 εί
1829 2612 1933 2676 καὶ
1961 2607 2168 2695 λοὶθρα
2198 2610 2343 2686 τέως
2362 2637 2469 2675 και
2469 2634 2653 2715 προς

545 2716 687 2774 γους
728 2693 919 2757 ἐποίει
960 2701 1170 2774 τοῦτο,
1178 2692 1356 2800 ,τους
1377 2692 1737 2780 προσιόντας
1767 2692 1960 2783 αυτῷ·
2003 2696 2108 2760 καὶ
2137 2721 2287 2779 προς
2309 2700 2421 2760 τοῦ
2451 2688 2654 2778 ὄρθοῦ

449 2772 636 2860 λόγου
671 2776 1008 2858 προστάτας
1036 2784 1238 2855 κακῶς
1267 2774 1434 2845 πάνυ
1466 2780 1733 2845 διέκειτο
1776 2787 1888 2864 τῆς
1934 2779 2001 2845 δὲ
2046 2782 2379 2856 τελευταίας
2405 2800 2654 2863 συγκρο-

447 2863 740 2966 τηθείσης
777 2862 1009 2946 ἐκείνης
1047 2862 1338 2944 συνόδου,
1378 2860 1460 2947 ἧς
1498 2860 1887 2977 προεκαθητο
1934 2891 2056 2945 ο,τε
2098 2861 2511 2947 ευσεβέστατος
2549 2864 2654 2927 καὶ

449 2942 835 3052 φιλόχριστος
877 2947 1159 3033 βασιλευς
1203 2975 1400 3054 κυρος
1432 2947 1786 3034 Ἰωαννης”
1746 2978 1779 3016 o
1814 2948 2316 3031 ,Καντακουζηνός
2349 2949 2454 3014 καὶ
2482 2948 2516 3016 ὅ
2539 2975 2655 3012 πα·

448 3056 732 3139 τριαρχης
777 3034 1005 3112 ἐκεῖνος
1050 3040 1239 3119 κῦρος
1298 3030 1658 3114 Καλλιστος,
1709 3036 1840 3101 ἐπεὶ
1874 3036 1979 3099 καὶ
2017 3039 2359 3144 Γρηγορᾶς,
2406 3037 2494 3110 εἷς
2538 3058 2654 3116 την

451 3113 652 3226 8⁸43an
669 3118 908 3221 ἐκείνην
956 3118 1219 3186 σύνοδον
1244 3117 1607 3230 πἀρελθων,
1654 3120 1978 3203 ἐξηλέγχθη
2011 3118 2125 3185 συν
2155 3127 2281 3195 τοῖς
2300 3115 2654 3226 όμόφροσιν

452 3199 652 3265 αὐτου
690 3225 765 3263 τα
794 3202 1084 3285 Βαρλαᾶμ
1117 3230 1181 3270 τε
1223 3206 1330 3269 καὶ
1372 3201 1732 3270 ’Λκινδυνου
1758 3211 1993 3284 νοσῶν,
2038 3206 2125 3281 εἴς
2159 3228 2221 3269 τε
2247 3228 2362 3285 την
2395 3212 2657 3285 θεοτητα

451 3289 566 3351 τοῦ
606 3295 976 3392 μονογενοῦς
998 3292 1145 3354 υἰου
1168 3296 1279 3354 τοῦ
1310 3296 1470 3355 θεου
1495 3291 1596 3355 καὶ
1626 3315 1742 3372 την
1767 3288 2036 3372 φυσικὴν
2067 3295 2178 3372 τῆς
2209 3286 2452 3396 τριαδος
2490 3289 2655 3394 ἐνέρ-

450 3392 653 3475 γειαν
654 3370 761 3434 καὶ
802 3396 982 3456 χαριν
1027 3374 1135 3438 καὶ
1172 3375 1469 3481 ἔλλαμψιν
1492 3373 1746 3440 κάκιστα
1741 3379 2179 3484 βλασφημῶν,
2219 3374 2324 3438 καὶ
2356 3399 2430 3439 ου
2462 3370 2657 3457 μόνον

447 3461 577 3531 τοῖς
611 3449 881 3561 αρχαίοις
904 3460 1225 3563 αἰρετικοῖς
1254 3456 1459 3541 σχεδόν
1487 3466 1669 3538 πασι,
1718 3454 1868 3525 ἄλλα
1892 3458 2003 3569 δὴ
1995 3460 2100 3526 καὶ
2126 3467 2257 3535 ταῖς
2285 3458 2656 3567 Ἑλληνικαῖς

450 3536 1064 3647 συμπεριφερόμενος
1083 3538 1342 3619 πλάναις
1384 3544 1488 3609 καὶ
1528 3542 1762 3623 δόξαις·
1821 3541 1913 3611 δι’
1958 3573 1999 3610 α
2042 3540 2122 3628 δή
2166 3568 2291 3609 που
2335 3569 2504 3652 παρα
2545 3549 2656 3625 τῆς

452 3626 619 3707 ἱερᾶς
648 3625 883 3710 ἐκείνης
911 3623 1175 3693 συνόδου
1211 3623 1392 3704 αυτός
1414 3653 1476 3694 τε
1502 3630 1610 3693 καὶ
1644 3632 1710 3695 οἷ
1728 3626 2060 3734 ὁμόφρονες
2085 3625 2278 3694 αυτοῦ
2291 3672 2309 3706 ,
2325 3655 2440 3735 μη
2466 3653 2656 3735 μετα-

448 3710 840 3792 μεληθέντες,
881 3718 996 3779 τοῦ
1012 3710 1434 3823 πληρώματος
1483 3720 1611 3778 τῶν
1661 3710 2012 3798 ὀρθοδόξων
2060 3721 2261 3791 καλοῖς
2301 3708 2652 3796 απετμήθη-

452 3813 566 3857 σαν
591 3795 694 3859 καὶ
722 3803 808 3882 τῷ
830 3793 1172 3901 οἷναθὲματι
1187 3795 1622 3906 παρεδόθησαν
1653 3825 1802 3864 κατα
1828 3827 1899 3864 τα
1938 3825 2198 3882 πατρικα
2227 3797 2331 3862 καὶ
2362 3796 2654 3863 συνοδικοὶ

450 3873 690 3960 θεσμα·
736 3862 840 3945 καὶ
864 3879 1056 3966 τόμου
1097 3880 1437 3988 προβάντος
1467 3908 1534 3949 το
1572 3891 1899 3967 τηνικαῦτα
1929 3888 2289 3960 συνοδικοῦ,
2336 3881 2409 3948 ὃν
2441 3882 2518 3966 δὴ
2552 3883 2655 3947 καὶ

453 3961 736 4047 βασιλευς
772 3967 877 4032 καὶ
919 3993 1291 4055 πατριαρχης
1334 3968 1565 4045 ἐκεῖνος
1607 3972 1711 4035 καὶ
1744 3971 1791 4054 ἦ
1820 3977 1942 4036 τῶν
1968 3965 2306 4055 ἰερωτατων
2332 3964 2654 4053 αρχιερέων

524 4149 586 4216 1)
632 4149 915 4219 losephum.
1051 4152 1117 4220 2)
1161 4152 1279 4207 Non
1309 4154 1472 4208 minus
1510 4154 1706 4209 scilicet
1734 4171 1887 4226 quam
1913 4153 2216 4220 Balsamou,
2249 4153 2317 4209 de
2342 4169 2444 4225 quo
2477 4169 2651 4224 supra.

585 4218 649 4286 3)
686 4217 972 4292 cod.Reg.
1011 4223 1288 4280 19960f01.
1326 4226 1374 4281 1
