3094 4876
582 354 744 403 xxvi
1044 341 1517 412 NICEPHORI
1559 341 2041 412 GREGORAE
2085 343 2318 411 VITA.

585 512 648 564 et
678 500 1003 578 Ricardus,
1045 499 1151 561 hic
1196 498 1514 581 episcopus
1555 498 1976 564 chersonensis
2009 498 2096 582 ¹),
2132 500 2237 561 ille
2270 500 2524 581 Bospori
2565 499 2624 582 ²)
2672 522 2777 563 sr-

585 587 1001 667 chiepiscopus
1015 632 1033 664 ,
1075 608 1109 645 a
1140 587 1300 668 Papa
1329 587 1550 659 Ioanne
1571 608 1730 648 nu.
1761 588 1940 667 legati
1964 588 2323 666 Byzantium
2343 597 2661 662 venerunt,
2701 587 2780 647 de

584 673 760 733 rebus
790 672 1191 733 controversis
1218 672 1629 753 disceptaturi.
1711 674 1961 733 Ioannes
1991 673 2227 734 Calecas
2248 670 2591 753 patriarcha
2607 717 2625 749 ,
2671 673 2779 752 qui

583 777 699 819 nec
712 758 840 839 ipse
856 755 1378 837 linguam‘dicendi
1402 779 1515 819 usu
1537 760 1925 819 exercitatam
1948 757 2224 835 habebat,
2273 769 2331 819 et
2379 779 2519 818 suos
2534 758 2780 837 episco-

585 864 699 925 pos
745 842 1065 903 maximam
1101 852 1332 923 partem
1377 844 1824 905 indoctissimos
1862 864 1987 904 esse
2030 845 2334 920 cernebat,
2377 843 2782 924 Nicephorum

587 930 940 1007 Gregoram,
993 930 1220 989 laIcum
1262 929 1531 1009 quidem,
1576 930 1682 989 sed
1721 930 2020 990 eruditum
2047 939 2109 990 et
2150 930 2424 1011 inprimis
2466 929 2780 1005 disermm‚

579 1014 750 1074 illico
782 1014 1138 1091 advocavit,
1182 1022 1242 1074 et
1275 1017 1353 1075 ad
1376 1014 1706 1075 ineundum
1751 1036 1890 1076 cum
1914 1015 2142 1076 Latinis
2178 1025 2473 1077 certamen
2500 1012 2781 1074 hortatus

581 1109 689 1160 est.
773 1092 890 1160 Hic·
918 1100 1096 1159 initio
1133 1100 1439 1161 silentium
1468 1101 1786 1163 suadebat:
1830 1122 1975 1161 mox
2016 1103 2252 1162 futuras
2295 1102 2437 1161 inde
2480 1100 2783 1180 suspicio-

579 1205 688 1245 nes
740 1194 801 1244 et
835 1185 1044 1265 iniqua
1081 1184 1396 1246 hominum
1433 1186 1658 1247 iudicia
1698 1187 1993 1247 reveritus
2036 1188 2291 1268 amplius
2334 1184 2783 1263 deliberandum

583 1271 821 1330 censuit
838 1319 858 1348 ,
903 1292 975 1331 ac
1004 1291 1185 1352 super
1218 1293 1286 1332 eo
1314 1273 1552 1351 negotio
1577 1272 1778 1332 habita
1803 1290 2004 1332 coram
2029 1273 2263 1332 selectis
2295 1272 2590 1353 episcopis
2622 1268 2786 1351 apud

580 1355 983 1436 patriarcham
1009 1357 1184 1437 longa
1214 1359 1480 1418 oratione
1496 1403 1514 1435 ,
1559 1358 1909 1417 sententiam
1945 1377 2113 1417 suam
2146 1355 2305 1417 hanc
2336 1379 2462 1418 esse
2508 1357 2788 1418 declara-

580 1442 705 1502 vitt
739 1443 934 1522 primo
965 1464 1089 1503 non
1117 1443 1310 1503 cuivis
1339 1443 1807 1523 permittendum
1837 1443 2142 1522 disputare
2172 1462 2309 1503 cum
2331 1443 2527 1501 Italis:
2571 1440 2789 1501 deinde

582 1547 834 1607 scopum
864 1528 1121 1609 aliquem
1159 1528 1553 1607 disputationi
1584 1528 2078 1608 proponendum:
2121 1537 2255 1586 tum
2297 1526 2789 1586 constituendum

586 1632 714 1671 esse
739 1613 1030 1689 iudicem3
1071 1612 1141 1671 id
1164 1633 1310 1672 vero
1339 1632 1555 1672 munus
1585 1614 1661 1672 ad
1691 1614 1948 1673 Graecos
1981 1613 2314 1693 pertinere:
2358 1612 2502 1671 fidei
2542 1621 2788 1671 contro—

582 1698 807 1757 versias
853 1698 1126 1757 omnibus
1172 1698 1456 1757 ecclesiae
1503 1699 1878 1778 praesulibus
1923 1698 2269 1758 convocatis
2313 1706 2588 1776 oportere
2628 1695 2788 1755 defi-

581 1781 738 1841 niri:
776 1782 1218 1861 syllogismum,
1266 1804 1380 1863 qua
1424 1784 1877 1861 argumentandi
1917 1784 2149 1843 ratione
2189 1784 2521 1863 plurimum
2565 1780 2703 1840 Itali
2725 1777 2786 1860 ⁸)

584 1868 886 1943 valerent,
945 1866 1052 1926 ubi
1097 1868 1172 1926 de
1202 1869 1322 1927 Deo
1378 1868 1814 1949 disputaretur,
1869 1869 2073 1928 locum
2117 1868 2362 1927 minime
2395 1867 2644 1927 habere:
2705 1886 2787 1925 ne

584 1950 715 2033 ipsa
745 1951 987 2032 quidem
1021 1953 1265 2013 Patrum
1311 1955 1655 2014 testimonia
1695 1954 2075 2034 accipienda,
2117 1953 2238 2013 nisi
2281 1973 2429 2033 quae
2469 1951 2787 2033 perspicua

585 2046 810 2097 essent:
855 2036 1110 2119 denique
1134 2038 1609 2119 disputationem
1634 2058 1872 2099 omnem
1900 2038 2081 2100 hodie
2110 2057 2643 2119 supervacaneam3
2687 2055 2787 2094 eas

586 2123 959 2203 quaestiones
981 2124 1337 2204 iampridem
1377 2125 1659 2204 agitatas:
1716 2123 1965 2185 definita
2006 2123 2080 2183 ab
2132 2123 2397 2204 antiquis
2441 2121 2788 2183 doctoribus

586 2228 713 2269 non
740 2227 864 2268 esse
888 2209 959 2268 in
984 2208 1239 2269 dubium
1264 2210 1622 2285 revocanda,
1665 2231 1780 2269 nec
1803 2210 1987 2270 licere
2010 2210 2077 2268 in
2105 2209 2284 2269 rebus
2321 2208 2542 2269 divinis
2567 2217 2793 2266 temere

584 2293 953 2354 ratiocinari.
1049 2292 1218 2356 Haec
1263 2304 1323 2354 et
1358 2295 1510 2373 alia,
1555 2295 1765 2355 eodem
1799 2296 1926 2354 fere
1978 2293 2345 2375 spectantia,
2401 2314 2543 2352 cum
2593 2289 2795 2350 dixis-

583 2386 675 2438 set
693 2423 721 2456 ,
792 2377 956 2438 visus
1017 2388 1109 2438 est
1168 2376 1570 2440 eruditiorum
1612 2379 2035 2460 episcoporum
2100 2379 2375 2461 opinioni
2446 2396 2794 2456 congruen-

581 2464 670 2523 tia
715 2462 968 2540 dixisse,
1029 2485 1167 2523 cum
1218 2465 1510 2538 aliorum,
1564 2475 1699 2526 tum
1743 2463 2004 2525 maxime
2043 2464 2468 2545 Dyrrhachini.
2552 2464 2795 2525 Horum

584 2549 1004 2609 auctoritatem
1083 2550 1297 2611 caeteri
1317 2596 1333 2626 ‚
1404 2551 1510 2630 qui
1578 2552 1918 2630 eloquentia
1981 2549 2181 2610 minus
2239 2550 2550 2625 valebant,
2623 2549 2795 2608 omni

587 2634 988 2694 contentionis
1024 2635 1222 2695 studio
1272 2636 1539 2714 abiecto,
1595 2635 1836 2716 sequuti
1887 2646 2048 2697 sunt.
2129 2636 2221 2695 Ita
2263 2635 2477 2695 Graeci
2521 2633 2796 2693 oblatum

582 2740 619 2778 a
643 2720 867 2779 Latinis
897 2729 1195 2780 certamen
1223 2721 1606 2782 declinarunt
1625 2720 1707 2799 ⁴).
1750 2722 1973 2780 Tamen
2001 2721 2348 2782 Barlaamus
2375 2741 2491 2802 pro
2525 2720 2797 2779 Graeco-

580 2826 716 2866 rum
743 2805 1017 2887 dogmate
1039 2807 1232 2867 multa
1258 2817 1391 2867 tum
1421 2807 1663 2890 scripsit
1690 2804 1746 2889 ⁸)
1779 2806 2065 2868 adversus
2079 2807 2330 2868 Romani
2355 2805 2668 2888 pontificis
2697 2806 2798 2865 le·-

654 3028 718 3098 1)
753 3027 853 3081 Vul
965 3025 1323 3080 Cei-senensis.
1471 3027 1536 3096 2)
1569 3026 1742 3096 Vulgo
1767 3026 2099 3098 Vespr-ensis.
2164 3026 2303 3080 Vide
2342 3026 2609 3097 epistolam
2644 3025 2798 3079 Ioan-

723 3097 805 3151 nis
995 3136 1008 3150 .
1047 3097 1117 3151 ad
1154 3097 1289 3149 huno
1317 3096 1764 3167 arehiepiscopum
1777 3133 1794 3161 ‚
1828 3096 2000 3150 datam
2035 3095 2299 3152 Avenione
2323 3098 2387 3150 A.
2417 3095 2481 3149 C.
2517 3096 2676 3150 1333.
2723 3109 2796 3146 vt.

720 3166 977 3222 Non.1u1.
1030 3166 1531 3222 VideetOdorieum
1549 3166 1874 3235 Raynaldum
1899 3167 1969 3220 ad
1995 3183 2112 3220 ann.
2139 3165 2291 3223 1333.
2324 3182 2459 3218 num.
2487 3167 2570 3220 17.
2599 3169 2686 3221 18.
2715 3166 2796 3220 19.

720 3236 847 3288 item
874 3236 945 3288 ad
973 3253 1161 3290 annum
1189 3234 1341 3292 1334.
1379 3253 1516 3290 num.
1542 3233 1598 3289 4.
1621 3237 1674 3293 5.
1809 3237 1874 3305 3)
1909 3236 2104 3290 Graeci
2129 3236 2346 3290 Latinos
2374 3234 2645 3302 theologos
2671 3250 2795 3304 pas-

727 3304 824 3357 sim
854 3309 1036 3357 notant
1075 3312 1130 3358 et
1165 3307 1440 3370 vellicant,
1475 3310 1535 3359 ut
1561 3303 1843 3375 syllogismi
1881 3304 2088 3358 nimium
2123 3304 2397 3358 studiosos.
2467 3303 2793 3355 Cantacuze·

720 3390 821 3425 nus
861 3371 917 3426 in
963 3373 1312 3427 Antirrhetico
1347 3380 1529 3428 contra
1567 3375 1881 3428 Prochorum
1928 3374 2214 3444 Cydonium
2270 3373 2427 3442 (cod.
2477 3388 2590 3441 reg.
2639 3373 2793 3426 1999.

724 3459 848 3512 pag.
882 3438 1001 3511 41.)
1036 3444 1090 3497 el
1118 3441 1177 3498 δ’
1210 3440 1316 3499 ουίι
1357 3439 1610 3513 αὐτάρκη
1645 3445 1826 3498 ταῦτα
1843 3481 1860 3507 ,
1895 3449 2080 3498 καίτοι
2111 3441 2290 3498 πολλοὶ
2318 3460 2379 3511 γε
2410 3439 2546 3498 ὄντα
2582 3440 2676 3494 καὶ
2698 3437 2794 3505 μέ-

723 3529 917 3582 γιστα,
951 3511 1048 3566 καὶ
1072 3515 1179 3567 τοῦ
1201 3511 1356 3582 παρὰ
1376 3516 1640 3577 Λατίνοις
1664 3510 2008 3569 διδασκάλου
2043 3514 2239 3580 Θωμόῐ,
2273 3507 2633 3580 συλλογισμὸν
2656 3509 2795 3594 μᾶζ-

727 3585 825 3635 lov
849 3574 885 3649 ἢ
917 3576 1057 3649 ἀέρα
1085 3582 1384 3648 πνέοντος,
1417 3584 1521 3652 τὴν
1544 3585 1857 3653 μαρτυρίαν
1882 3600 1971 3638 σοι
2003 3583 2388 3651 παρεξόμεθα·
2424 3582 2564 3647 πρὸς
2591 3575 2663 3649 ἣν
2689 3597 2793 3634 ουκ

727 3645 802 3706 ἂν
846 3650 964 3719 εἴης
1005 3653 1225 3715 δίκαιος
1252 3652 1590 3724 ἀντιβαίνειν
1604 3691 1621 3717 ,
1657 3658 1778 3717 τοῖς
1815 3649 1996 3707 αὐτοῦ
2024 3651 2438 3722 συγγράμμασιν
2474 3648 2791 3717 ἐπικαίρων,

722 3720 820 3776 καὶ
843 3723 1025 3775 ταῦτα
1049 3722 1309 3790 καθάπερ
1331 3721 1546 3786 πλάκας
1565 3721 1705 3790 ἔχων
1727 3720 2129 3786 οἶκαταλύτους.
2178 3722 2242 3774 Id
2264 3727 2373 3773 est:
2405 3721 2543 3789 quod
2569 3722 2616 3770 εἰ
2645 3719 2791 3777 haec,

729 3793 852 3845 licet
873 3793 1043 3845 malm
1066 3801 1118 3845 et
1143 3795 1398 3857 marium,
1430 3812 1535 3846 non
1555 3794 1852 3860 αιὶίὶεἰιιιιΐς
1885 3793 2047 3860 ipsius
2085 3808 2280 3862 quoque
2311 3791 2567 3852 Thomas,
2607 3786 2794 3840 Latina

728 3863 987 3923 d⁰⁰t⁰†⁸'8‚
1022 3863 1113 3930 ‘1²⁶⁸‘
1143 3864 1498 3933 syuogisnaun
1533 3864 1708 3932 magis
1747 3880 1901 3929 quam
1941 3865 2113 3914 aerem
2147 3861 2379 3930 spirabat
2397 3897 2414 3923 ,
2449 3857 2793 3937 testimoniata

729 3932 827 3983 tien·
859 3931 1225 3984 exhibebimus:
1260 3934 1344 3984 eui
1366 3940 1426 3985 tu
1452 3939 1590 3986 certe
1609 3948 1905 4000 repugnare
1931 3948 2037 3982 non
2063 3932 2242 3992 debes,
2276 3946 2390 3980 oum
2420 3937 2472 3980 et
2494 3928 2636 3979 illius
2663 3941 2791 3976 sen·

725 4000 835 4066 ptis
851 4000 1135 4062 delecteris,
1152 4009 1204 4055 et
1227 4020 1293 4055 ea
1310 4019 1409 4070 pro
1434 4001 1811 4054 inviolabilibus
1833 4001 1881 4052 lc
1923 4017 2006 4052 um
2027 4000 2215 4052 tabulis
2232 3998 2439 4050 habeas.
2530 3992 2594 4063 4)
2631 3996 2789 4048 Bzov.

729 4067 799 4120 ad
830 4083 946 4120 ann.
983 4070 1135 4126 1333.
1167 4087 1299 4124 num.
1345 4074 1390 4125 l.
1441 4071 1547 4122 Leo
1575 4069 1728 4122 Anat.
1778 4068 1859 4120 De
1934 4068 2084 4121 celes.
2110 4066 2292 4122 Occid.
2324 4074 2381 4119 et.
2406 4064 2611 4118 Orient.
2642 4078 2786 4131 perp.

729 4152 868 4190 cons.
907 4136 1003 4189 col.
1046 4141 1167 4193 800.
1307 4141 1369 4208 5)
1417 4140 1700 4192 Cantacuz.
1735 4137 1875 4191 Hist.
1910 4138 1999 4189 lib.
2056 4153 2116 4192 n.
2162 4155 2210 4189 c.
2243 4137 2330 4190 39.
2381 4133 2591 4187 Odoric.
2621 4132 2787 4199 Rayn.

727 4203 796 4257 ad
837 4207 898 4258 Α.
944 4205 1008 4258 C.
1071 4210 1189 4264 133.
1239 4225 1377 4262 num.
1420 4210 1505 4264 18.
1595 4206 1733 4260 Vide
1773 4215 1828 4260 et
1878 4206 2145 4276 epistolam
2193 4204 2454 4258 Barlaami
2500 4202 2568 4255 ad
2609 4201 2793 4253 Deme-

725 4273 883 4328 trium
939 4275 1480 4343 Thessalonicensem,
1538 4293 1674 4348 quae
1727 4281 1874 4331 extat
1913 4275 2063 4348 ‚apud
2101 4276 2266 4330 Bzov.
2338 4274 2406 4328 ad
2476 4288 2591 4334 ann.
2638 4268 2790 4324 1333.

730 4360 864 4399 Imm·
898 4359 975 4398 11.
