3094 4876
716 348 1190 421 HISTORIAE
1227 351 1777 424 BYZANTINAE
1817 354 1928 424 IX.
1951 358 2052 429 14.
2266 346 2415 423 461

240 543 422 586 νοιαν
469 524 749 603 παρεῖχεν
790 514 1011 582 αὐτίκα
1055 511 1610 604 ἀνατραπήσεσθαι
1657 522 1758 584 καὶ
1801 514 1999 607 φόβον
2042 520 2325 589 ἐντεῦθεν
2350 519 2423 588 οὗ
2512 531 2569 583 Δ.
2602 533 2659 583 c.

240 619 419 706 μάλα
465 619 832 707 παράλογον.
901 617 1058 685 ὥστε
1102 616 1402 706 παριόντα
1432 622 1581 687 ποτὲ
1609 625 1710 687 καὶ
1750 622 1859 689 τὸν
1899 625 2160 706 βασιλέα
2201 631 2422 691 τοῦτον
2513 600 2652 720 Ῑξξδ

244 722 515 790 ἓκιόλυόν
552 749 710 799 τινες
738 729 865 789 τῶν
890 725 1022 808 περὶ
1053 723 1241 789 αὐτὸν
1263 723 1352 808 μὴ
1382 726 1641 807 πλησίον
1667 726 1818 791 ἰέναι
1846 724 2109 803 δεδιότες
2138 727 2289 804 ἴσως
2311 727 2420 795 τὸν
2513 735 2647 792 1341

244 829 547 892 κίνδυνον.
604 825 636 892 ὅ
667 828 734 891 δὲ
766 825 923 909 πρὸς
946 826 1060 911 τὴν
1076 832 1252 913 σφῶν
1277 824 1786 912 εἰρωνευσάμενος
1809 831 2036 896 δειλίαν
2060 833 2163 895 καὶ
2188 807 2750 928 τοιόνδεῙἚῃῖἒέῖῗῃ·

182 931 386 1000 firmi
431 928 611 1015 λόγον
653 926 884 998 οὖτωσί
918 954 1050 1005 πως
1093 928 1435 995 ἐπελθόντα
1465 937 1543 1016 τῇ
1579 928 1819 1017 γλώττῃ
1846 927 1983 998 τότε
2024 930 2383 1020 προήνεγκεν
2404 955 2420 971 ·
2449 942 2514 997 Ρ.
2547 941 2652 1001 284

239 1034 428 1117 „ewa
445 1030 992 1120 συμπαρατείνοιτό
1011 1060 1117 1115 μοι
1134 1033 1203 1097 τὸ
1227 1035 1333 1120 ζῇν
1353 1039 1427 1120 τῇ
1448 1037 1625 1100 τοῦδε
1643 1042 1752 1098 τοῦ
1773 1037 1971 1111 κίονος
1999 1034 2273 1103 στάσει.”
2295 1036 2328 1103 ὃ
2349 1036 2426 1122 δὴ

238 1140 347 1201 καὶ
380 1136 537 1202 κατὰ
565 1136 675 1220 τὴν
700 1132 1039 1222 πρόρρησιν
1066 1141 1175 1200 νῦν
1206 1135 1451 1219 ἀποβὰν
1479 1135 1819 1220 θαυμάζειν
1850 1136 2014 1225 ἐπῄει
2038 1149 2172 1215 τοῖς
2192 1165 2426 1224 μεμνη-

238 1240 465 1323 μένοις.
550 1237 679 1329 (Γ.)
727 1244 858 1303 Τοῦ
890 1238 954 1303 δ’
985 1235 1157 1322 ἡλίου
1186 1239 1339 1324 πρὸς
1371 1236 1630 1325 ἑσπέραν
1657 1240 1776 1325 ἤδη
1807 1242 2185 1326 ἐπειγομένου
2214 1240 2480 1328 ἄπήεινΒ

240 1341 413 1427 κάγὼ
444 1341 597 1427 πρὸς
625 1340 733 1407 τὸν
758 1342 1015 1424 βασιλέα
1047 1341 1204 1408 κατὰ
1231 1342 1302 1407 τὸ
1332 1340 1574 1418 εἰωθός.
1644 1342 1867 1418 εἰωθὸς
1892 1341 2009 1429 γάρ
2039 1370 2148 1428 μοι
2174 1342 2426 1431 πορεύε-

147 1459 226 1512 10
244 1452 403 1511 σθαι
434 1446 587 1532 πρὸς
630 1444 818 1510 αὐτὸν
862 1448 1267 1533 παραμυθίας
1296 1446 1464 1512 ἕνεκα
1501 1445 1658 1514 κατὰ
1690 1447 1971 1532 περίοδον
2003 1453 2190 1533 τριῶν
2228 1472 2348 1512 που
2380 1444 2423 1532 ἢ

234 1547 552 1635 τεττάρων
592 1545 853 1635 ἡμερῶν.
923 1548 1117 1614 ἀπιών
1142 1549 1255 1632 μὲν
1285 1542 1397 1614 οὖν
1430 1551 1529 1613 καὶ
1555 1555 1664 1614 νῦν
1693 1541 1878 1624 αὖθις
1907 1549 2064 1614 κατὰ
2088 1548 2159 1615 τὸ
2200 1548 2427 1625 εἰωθὸς

234 1651 397 1738 πρὸς
439 1651 623 1717 αὐτὸν
673 1654 773 1716 καὶ
818 1655 1255 1736 παρακαθίσας
1291 1658 1403 1736 τῆς
1447 1649 1764 1735 συνήθους
1804 1649 2119 1736 ἀπήλαυον
2160 1648 2417 1735 ὁμιλίας.

234 1752 543 1838 συνήθεια
574 1753 634 1819 δ’
668 1747 747 1837 ἦν
791 1753 959 1841 αὐτῷ
974 1802 996 1834 ,
1053 1755 1345 1843 ἐλλογίμω
1381 1757 1498 1819 τινὶ
1544 1754 1699 1837 πρὸς
1734 1751 1900 1836 ἡμᾶς
1947 1757 2050 1819 καὶ
2088 1758 2424 1822 σπουδαιο-

233 1858 389 1948 τέρᾳ
434 1864 713 1942 χρῆσθαι
772 1861 849 1942 τῇ
895 1852 1101 1946 ὁμιλίᾳ
1150 1852 1307 1939 μετά
1355 1881 1519 1933 τινος
1576 1854 1964 1941 ἄστειότητος
2004 1859 2108 1922 καὶ
2147 1855 2421 1945 χάριτος.

143 1969 221 2027 15
235 1967 445 2046 παρῆν
473 1962 541 2026 δὲ
570 1962 671 2025 καὶ
704 1959 892 2024 αὐτοῦ
922 1956 1204 2046 θυγάτηρ
1220 1961 1481 2041 Σιμωνὶς
1506 1956 1887 2045 ἦΚράλαινα
1918 1961 2027 2024 καί
2046 1985 2203 2037 τινες
2230 1962 2480 2048 ἕτεροιῦ

233 2069 366 2130 τῶν
394 2060 611 2146 ὁμοίαν
640 2063 774 2146 ἐμοὶ
814 2059 1161 2149 τρεφόντων
1192 2058 1435 2147 γνώμην
1460 2064 1564 2126 καὶ
1595 2058 1826 2147 τρόπου
1859 2059 2138 2128 διάθεσιν
2172 2060 2328 2151 πρός
2358 2088 2426 2129 τε

233 2166 350 2232 τὸν
379 2166 635 2250 βασιλέα
669 2167 769 2230 καὶ
801 2164 913 2248 τὴν
947 2164 1139 2230 αὐτοῦ
1166 2164 1481 2249 θυγατέρα
1497 2163 1611 2248 τὴν
1628 2161 1991 2251 Κράλαιναν
2014 2168 2116 2230 καὶ
2143 2165 2258 2251 τὴν
2284 2165 2424 2251 ἴσην

232 2266 500 2353 ἕχόντων
531 2270 663 2352 ἐμοὶ
691 2267 843 2352 πρὸς
874 2266 1100 2343 αὐτους
1144 2264 1499 2350 οἰκειότητα.
1569 2264 1894 2353 παρετάθη
1925 2268 1992 2332 δὲ
2019 2268 2098 2333 τὰ
2139 2274 2254 2353 τῆς
2286 2265 2427 2350 ὅμι-

230 2375 375 2448 λίας
415 2375 638 2456 ἐκείνης
666 2367 811 2454 ἡμῖν
839 2367 980 2458 ἄχρι
1005 2370 1209 2455 μέσων
1236 2375 1469 2436 νυκτῶν
1509 2372 1612 2434 καὶ
1640 2367 1796 2458 πρός
1820 2395 1885 2457 γε
1922 2369 2010 2435 ἔτι
2044 2370 2220 2459 μέχρι
2251 2367 2424 2460 πρώ-

136 2488 351 2560 ωτης
392 2475 953 2562 ἀλεκτοροφωνίας,
1015 2473 1277 2557 μηδενὸς
1321 2473 1680 2560 ἔκφανέντος
1724 2470 2039 2556 συμβόλου
2076 2471 2428 2558 νοσήματος

233 2575 614 2646 οὖτινοσοῦν.
706 2574 846 2665 (Δ.)
884 2575 1131 2642 Ἔπειτα
1154 2573 1299 2661 ἦμῖν
1324 2577 1470 2659 μὲν,
1516 2575 1747 2658 „dame
1768 2577 2153 2664 χαίροντες,”
2204 2579 2479 2665 ἕφησε,Ῑ)

229 2681 370 2766 »τὰ
412 2683 480 2747 δὲ
520 2686 633 2764 τῆς
666 2684 778 2745 νῦν
806 2675 1045 2760 ὁμιλίας
1070 2681 1333 2762 λείψανα
1361 2681 1424 2756 ἐς
1449 2679 1564 2763 τὴν
1590 2675 1916 2764 ὕστεραίαν
1956 2677 2159 2745 πάντα
2196 2680 2425 2758 λελέξε-

230 2784 405 2852 ται.”
454 2780 488 2849 ὅ
520 2785 587 2849 δὲ
613 2788 848 2869 τροφῆς
875 2781 1043 2873 αὐτῷ
1071 2784 1469 2867 κομισθείσης
1498 2778 1911 2868 ἐδεδειπνήκει.
1979 2775 2056 2868 ἦν
2097 2784 2165 2849 δὲ
2203 2782 2285 2849 τὰ
2312 2789 2426 2870 τῆς

375 2966 438 3048 ¹3.
460 2961 736 3089 aggesta]
773 2954 914 3033 εἶχεν
940 2958 1028 3015 W.
1129 2963 1183 3017 3.
1216 2959 1293 3032 μή
1327 2960 1448 3016 add.
1471 2961 1538 3016 A.
1643 2963 1728 3019 19.
1765 2956 1900 3034 ἡμῖν
1919 2976 2017 3016 om.
2040 2960 2105 3014 A.
2203 2962 2292 3019 22.
2315 2960 2425 3018 νῦν

366 3052 470 3102 τηε
571 3070 587 3086 ·

227 3186 366 3259 ipsis
396 3203 496 3239 non
525 3185 635 3240 sine
662 3185 799 3240 iusta
826 3184 1026 3239 ratione
1051 3183 1354 3238 incutiebat.
1425 3183 1768 3249 Quamobrem
1795 3182 2066 3255 aliquando
2088 3183 2225 3237 hunc
2256 3180 2426 3253 ipsum

227 3258 597 3338 imperatorem
624 3255 741 3309 illac
803 3262 1176 3309 taetereuntem
1202 3253 1406 3323 qnidam
1431 3270 1497 3307 ex
1521 3245 1608 3319 iis,
1632 3271 1762 3324 quos
1793 3254 1931 3307 cirea
1959 3272 2017 3307 se
2045 3254 2297 3320 habebat,
2330 3270 2424 3307 ve·

224 3326 324 3380 riu
350 3326 567 3377 fortasse
594 3324 731 3393 peric
785 3342 895 3388 um,
932 3323 1141 3393 propius
1166 3323 1414 3376 accedere
1438 3330 1727 3377 vetuerunt.
1793 3323 1887 3375 Ille
1922 3327 2089 3376 autem
2118 3322 2288 3376 derisa
2333 3339 2426 3375 eo-

226 3393 638 3448 rum-timiditate
671 3394 800 3446 baec
822 3394 931 3445 fere
969 3393 1163 3456 verba,
1197 3400 1256 3445 ut
1283 3391 1500 3445 fortuito
1525 3392 1581 3444 in
1617 3409 1675 3445 os
1717 3399 1997 3456 venerant,
2068 3391 2424 3446 ronuuciavitz

226 3462 479 3529 „Utinam
502 3470 605 3514 tam
634 3462 721 3514 diu
748 3479 844 3530 ego
871 3460 1095 3515 viverem
1111 3499 1128 3525 ,
1163 3478 1309 3531 quam
1336 3461 1423 3513 diu
1447 3462 1575 3515 haec
1601 3460 1831 3514 columna
1857 3459 2019 3513 stabit
2062 3459 2095 3485 ’'
2132 3460 2286 3522 Quod
2311 3476 2428 3513 cum

232 3540 361 3585 tunc
391 3531 617 3594 demum,
650 3530 1061 3612 quemadmodum
1096 3529 1183 3582 ille
1212 3530 1397 3583 effatus
1432 3538 1549 3583 erat
1566 3569 1583 3595 ,
1627 3530 1932 3594 accidisset,
1981 3528 2305 3582 admirationi
2348 3528 2425 3583 eis

224 3608 364 3664 erat,
401 3601 491 3667 qui
515 3597 641 3651 dicti
665 3598 796 3652 1llius
824 3597 1240 3655 recordabantur.
1310 3598 1460 3668 (111.)
1496 3600 1624 3653 Sole*
1644 3606 1811 3652 autem
1834 3599 1932 3652 iam
1954 3598 2021 3651 ad
2046 3614 2283 3652 occasum
2303 3613 2426 3650 ver-

226 3678 391 3737 gente
425 3685 522 3736 ego
566 3685 767 3737 quoque
795 3667 862 3720 de
887 3685 1025 3721 more
1059 3670 1126 3721 ad
1168 3668 1531 3737 Imperatorem
1577 3667 1733 3722 abivi.
1800 3668 2038 3721 Solebam
2080 3667 2212 3722 enim
2252 3665 2430 3719 solatii

225 3754 392 3791 causa
412 3754 527 3789 eum
555 3738 716 3790 tertia
753 3744 842 3790 aut
864 3744 1052 3807 quarta
1077 3753 1277 3806 quaque
1312 3734 1398 3790 die
1425 3737 1668 3791 invisere.
1736 3736 1818 3791 Ad
1863 3753 1974 3790 eum
2009 3736 2024 3750 ⁹
2063 3736 2165 3789 itur
2204 3752 2315 3788 cum
2348 3752 2432 3787 me

223 3812 338 3858 tum
370 3823 587 3876 quoque,
610 3812 670 3857 ut
690 3822 798 3858 mos
823 3813 955 3870 erat,
982 3804 1306 3858 contulissem
1331 3812 1387 3858 et
1410 3806 1730 3870 assedissem,
1758 3806 1893 3859 illius
1918 3806 1947 3858 s
2022 3805 2036 3818 “
2060 3804 2159 3857 iari
2177 3801 2431 3872 colloquio

222 3875 458 3928 fruebar.
527 3875 882 3928 Consueverat
919 3881 1088 3927 autem
1128 3873 1363 3926 eruditos
1404 3880 1458 3927 et
1494 3892 1685 3944 graves
1724 3891 1915 3929 mecum
1945 3890 2201 3927 sermones
2237 3872 2433 3925 habere

223 3959 344 3996 cum
371 3942 591 4026 quadam
612 3944 908 3997 urbanitate
945 3949 1002 3997 et
1039 3942 1226 4011 gratia.
1292 3941 1491 3996 Aderat
1517 3952 1574 3997 et
1612 3943 1724 3997 eius
1764 3945 1875 3997 filia
1903 3942 2125 3995 Simonis
2155 3941 2431 4007 Cralaena,

224 4018 285 4065 et
306 4011 398 4064 al‘u
425 4012 659 4081 quidam,
691 4011 872 4066 iisdem
897 4012 1080 4083 quibus
1110 4029 1208 4080 ego
1236 4011 1415 4065 animis
1440 4012 1662 4082 praediti
1699 4017 1755 4066 et
1790 4013 1869 4066 ita
1910 4010 2089 4065 affecti
2110 4026 2236 4079 erga
2258 4007 2433 4078 Impe-

218 4087 451 4135 ratorem
475 4086 527 4133 et
548 4080 849 4135 Cralaenam
864 4118 883 4146 ,
918 4081 1197 4150 eademque
1224 4098 1335 4132 cum
1366 4080 1469 4133 illis
1493 4081 1844 4137 familiaritate
1863 4078 2139 4133 coniuncti.
2208 4076 2261 4129 Is
2301 4093 2427 4132 vero

222 4166 395 4203 sermo
421 4156 595 4202 noster
617 4149 684 4202 ad
705 4150 921 4205 mediam
949 4157 1148 4202 noctem
1175 4154 1257 4201 est
1295 4150 1603 4219 productus3
1635 4150 1782 4203 immo
1811 4156 1868 4203 et
1901 4149 1970 4201 ad
2047 4147 2224 4200 rimum
2259 4160 2321 4198 us
2356 4162 2428 4201 ue

220 4217 355 4287 galli
399 4225 632 4283 cantum,
678 4218 815 4272 nullo
852 4219 1003 4271 ullius
1038 4218 1199 4271 morbi
1239 4217 1389 4286 signo
1426 4217 1482 4270 in
1521 4236 1582 4271 eo
1625 4222 1926 4289 apparente.
2029 4215 2155 4284 1v.)
2204 4214 2339 4267 Dein
2374 4232 2427 4282 e,

215 4284 424 4351 „Vos”
456 4286 655 4357 inquit,
701 4287 910 4352 „valete
949 4296 1106 4357 atque
1136 4285 1304 4340 abite=
1340 4303 1404 4340 ea
1440 4303 1595 4351 vero,
1642 4303 1778 4357 quae
1814 4291 2039 4350 restant,
2098 4300 2217 4338 cras
2257 4283 2426 4337 omnia

215 4353 512 4410 dicentur.’'
579 4360 752 4427 Atque
774 4356 893 4428 ipse
915 4357 1069 4411 allato
1090 4354 1207 4411 cibo
1229 4353 1356 4410 edit.
1422 4354 1595 4411 Erant
1618 4362 1787 4411 autem
1809 4355 1933 4419 illa,
1967 4351 2155 4424 quibus
2174 4351 2425 4408 vesceba-
