3094 4876
550 368 766 417 xcvm
1411 352 1637 422 HIER,
1679 352 2008 426 woLFn

552 537 650 578 me
693 514 877 576 fuisse
922 512 1162 594 potius,
1205 534 1385 594 quam
1428 521 1664 594 meapte
1700 512 2011 573 voluntate
2049 512 2397 574 accessisse:
2456 532 2587 575 non
2625 521 2752 575 tam

550 618 822 679 laborum
856 625 916 676 et
943 617 1345 676 molestiarum
1374 616 1543 694 fuga,
1590 615 1805 695 quibus
1826 614 1912 674 ita
1942 625 2070 676 tum
2100 637 2332 697 quoque
2356 636 2748 696 assueveram,

547 729 620 781 ut
648 721 864 799 ignavo
905 717 1028 778 otio
1054 717 1211 777 nihil
1239 716 1389 776 mihi
1417 726 1569 776 esset
1595 717 1931 793 molestius,
1977 737 2155 798 quam
2180 718 2430 799 privatis
2454 719 2600 778 meis
2623 727 2750 778 stu-

550 823 696 900 diis,
739 823 792 881 si
812 800 968 902 ’quid
997 820 1242 881 daretur
1280 819 1416 896 otii,
1462 819 1702 879 fruendi
1745 828 1808 881 et
1850 819 2194 881 diuturnam
2225 819 2397 900 quasi
2433 821 2595 880 sitim
2634 839 2751 880 va-

548 926 672 988 riae
704 923 977 985 lectionis
1000 921 1406 1001 restinguendi
1437 920 1784 1002 cupiditate.
1868 922 1988 982 Sed
2037 943 2176 982 cum
2212 942 2245 983 e
2277 923 2540 984 Zonarae
2579 922 2752 983 velut

550 1026 796 1088 salebris
830 1027 1157 1101 eluctatus,
1210 1025 1280 1084 in
1316 1024 1558 1085 Nicetae
1597 1023 1934 1083 Acominati
1975 1023 2298 1085 Choniatae
2336 1024 2645 1106 planitiem
2687 1033 2752 1085 et

551 1127 722 1209 quasi
748 1127 932 1188 variis
958 1126 1228 1186 flosculis
1253 1126 1565 1188 vernantia
1596 1134 1770 1207 prata
1794 1126 2226 1207 pervenissem=
2255 1112 2564 1186 ‘iucundus
2602 1122 2752 1184 mihi

544 1230 752 1312 potius
795 1249 971 1310 quam
1016 1229 1216 1308 gravis
1267 1248 1390 1289 esse
1428 1228 1602 1288 labor
1645 1229 2150 1309 interpretationis
2185 1228 2291 1290 ille
2332 1229 2561 1309 coepit,
2610 1244 2749 1287 cum

549 1331 628 1393 ob
655 1331 979 1392 dictionem
1005 1331 1288 1392 fusiorem
1331 1340 1391 1390 et
1438 1329 1802 1410 planiorem,
1847 1339 1910 1389 et
1943 1350 2117 1412 saepe
2139 1351 2265 1390 non
2293 1329 2620 1390 infeliciter
2644 1329 2749 1389 lu-

543 1434 920 1495 xuriantemt
974 1442 1108 1493 tum
1150 1452 1295 1493 vero
1341 1441 1595 1513 propter
1637 1450 1837 1491 earum
1891 1431 2282 1493 historiarum
2325 1432 2749 1511 cognitionem,

546 1557 694 1618 quas
721 1536 938 1619 partim
975 1555 1100 1594 non
1132 1535 1274 1593 satis
1309 1545 1609 1610 tenerem,
1651 1534 1870 1614 partim
1898 1534 2077 1615 plane
2101 1533 2459 1612 ignorarem.

715 1638 850 1712 Quo
875 1657 1058 1717 opere
1086 1636 1358 1696 absoluto
1374 1680 1393 1712 ,
1438 1655 1579 1695 cum
1605 1657 1729 1696 non
1755 1645 1879 1695 tam
1904 1634 2221 1715 gauderem
2245 1655 2343 1695 me
2371 1634 2542 1714 gravi
2565 1652 2750 1695 onere

545 1739 807 1800 levatum
825 1782 843 1815 ,
889 1757 1067 1816 quam
1113 1737 1182 1795 in
1218 1736 1414 1797 medio
1439 1737 1636 1797 veluti
1682 1757 1861 1797 cursu
1889 1737 2242 1798 destitutum
2276 1736 2536 1796 dolerem
2558 1780 2576 1813 ,
2625 1753 2747 1815 quo

541 1841 745 1901 minus
776 1849 1102 1902 extremam
1137 1840 1322 1899 totius
1346 1839 1631 1900 historiae
1661 1848 1879 1901 metam
1917 1839 2297 1919 attinget-ems
2340 1856 2480 1899 ecce
2506 1846 2750 1920 praeter

545 1963 781 2003 omnem
810 1943 1313 2022 exspectationem
1343 1962 1378 2000 a
1406 1952 1471 2003 te
1497 1940 1752 2002 offertur
1781 1941 2154 2025 Nicephorus
2188 1942 2497 2020 Gregoras,
2536 1939 2643 2019 qui
2671 1938 2747 1999 ab

542 2047 697 2106 urbe
725 2066 760 2104 a
792 2045 1031 2105 Venetis
1069 2054 1130 2105 et
1159 2044 1458 2105 Balduino
1488 2044 1752 2106 Flandro
1786 2055 1961 2127 capta
1985 2064 2255 2122 exorsus,
2295 2040 2607 2103 historiam
2630 2061 2747 2100 an-

542 2169 763 2209 norum
793 2168 968 2210 cxnv.
996 2140 1063 2225 *)
1106 2146 1184 2205 ad
1213 2165 1382 2207 suam
1407 2165 1605 2226 usque
1640 2157 1887 2208 aetatem
1906 2192 1924 2224 ,
1966 2156 2026 2206 et
2055 2145 2387 2207 Andronici
2417 2143 2750 2223 Palaeologi

540 2248 794 2310 iunioris
836 2250 1097 2324 obitum,
1154 2247 1409 2325 eleganti
1449 2249 1610 2326 stylo
1670 2249 2034 2328 descriptam
2076 2249 2254 2309 nobis
2293 2247 2492 2307 dedit:
2547 2248 2747 2326 itaque

540 2350 846 2429 supplevit
874 2370 941 2409 ea
971 2366 1119 2426 quae
1144 2348 1468 2426 reliquerat
1496 2346 1831 2427 Choniates,
1874 2359 1946 2409 ut
1975 2347 2079 2410 hic
2107 2350 2372 2409 Zonarae
2397 2368 2568 2408 suam
2594 2369 2745 2410 uar-

537 2451 828 2511 rationem
852 2460 1209 2511 attexuerat.

707 2553 1013 2612 Caeterum
1041 2561 1103 2611 et
1127 2550 1231 2610 hie
1264 2550 1425 2612 idem
1453 2550 1620 2629 quod
1642 2551 1711 2610 in
1733 2551 2022 2614 choniate
2057 2552 2210 2615 mihi
2237 2571 2374 2613 cum
2405 2548 2735 2624 accidisset,

533 2672 648 2715 nec
676 2653 873 2713 vicina
903 2653 1272 2734 temporibus
1301 2653 1521 2712 nostris
1534 2654 1957 2733 Byzantiorum
1982 2666 2115 2715 acta
2143 2665 2352 2716 auctor
2379 2651 2481 2712 ille
2506 2651 2741 2730 attigis-

536 2765 655 2816 set:
699 2757 1047 2836 nullumque
1073 2756 1370 2815 Graecum
1397 2754 1755 2836 scriptorem
1800 2768 2037 2837 extare,
2082 2767 2186 2818 aut
2213 2764 2375 2818 certe
2416 2752 2567 2813 mihi
2615 2769 2743 2816 esse

537 2858 842 2938 cognitum
872 2858 1165 2934 dolerem,
1210 2857 1317 2938 qui
1348 2866 1577 2918 caetera
1601 2877 1795 2940 usque
1825 2861 1901 2921 ad
1920 2860 2486 2942 Constantinopolin
2510 2879 2545 2919 a
2577 2861 2743 2919 Tur-

537 2962 624 3021 cis
656 2972 1025 3043 occupatam,
1056 2970 1115 3020 et
1140 2960 1461 3041 imperium
1486 2960 1854 3022 Graecorum
1881 2984 1915 3023 a
1946 2962 2279 3024 Mabomete
2300 2983 2548 3046 prorsus
2573 2981 2746 3023 ever-

532 3083 666 3124 aum
726 3057 1217 3146 persequentum
1303 3049 1616 3122 commode
1676 3083 1711 3123 a
1764 3065 2096 3127 clarissimo
2152 3068 2284 3127 viro
2335 3068 2406 3129 D.
2450 3067 2741 3125 anrro

534 3165 885 3241 (immo,
939 3162 1261 3226 Viennensi
1303 3162 1776 3243 Iurisconsulto,
1821 3151 1897 3227 ad
1937 3188 2032 3227 me
2069 3168 2280 3227 missus
2323 3176 2417 3227 est
2445 3167 2738 3227 Laouicus

533 3264 1075 3346 Chalcocondyles‚
1122 3287 1277 3346 quo,
1318 3275 1388 3326 nt
1422 3285 1457 3325 a
1486 3267 1836 3348 fatigatione
1883 3271 2290 3331 conversionis
2322 3269 2603 3329 nonnihil
2638 3288 2740 3329 ae«-

530 3367 914 3446 quiescerem,
956 3369 1133 3430 avide
1158 3389 1463 3449 percurso,
1499 3372 1681 3451 plane
1712 3372 1863 3432 mihi
1893 3373 2263 3433 satisfactum
2289 3391 2416 3432 esse
2446 3371 2736 3449 cognovit

528 3478 710 3549 atque
741 3469 809 3528 in
847 3489 976 3529 eam
1024 3470 1374 3530 sententiam
1416 3491 1553 3531 sum
1590 3473 1918 3552 adductus,
1961 3484 2034 3535 ut
2071 3476 2196 3536 sato
2239 3473 2535 3555 quodam,
2576 3470 2739 3552 quod

525 3571 701 3632 initio
741 3571 904 3649 dixi,
947 3573 1175 3633 factum
1225 3592 1352 3633 esse
1382 3572 1826 3650 existimarem,
1882 3585 1956 3636 ut
1993 3585 2054 3637 et
2102 3575 2458 3637 liberalitate
2493 3585 2630 3652 tua,
2675 3583 2742 3636 et

523 3674 1019 3736 Domscnwm
1048 3675 1377 3755 Byzantina
1419 3685 1481 3737 et
1502 3676 1724 3736 Asiana
1755 3678 2248 3758 peregrinatione,
2293 3686 2355 3737 et
2385 3697 2515 3737 meo
2544 3675 2739 3756 quali-

523 3796 766 3858 cunque
804 3778 1047 3858 labore,
1092 3777 1398 3857 integrum
1439 3780 1626 3840 totius
1660 3779 2027 3860 Byzantinae
2067 3778 2355 3840 historiae
2380 3799 2633 3861 corpus,
2676 3787 2740 3840 et

523 3878 803 3939 omnibus
841 3900 1033 3963 prope
1061 3881 1323 3941 numeris
1361 3880 1479 3944 suis
1505 3881 1883 3961 absolutum,
1928 3882 2148 3943 nostris
2185 3879 2530 3943 hominibus
2571 3901 2739 3961 pro-

518 3989 876 4060 poneretur:
922 3983 1094 4043 cuius
1120 3983 1298 4044 lectio
1324 4003 1449 4044 non
1480 3994 1606 4045 tam
1638 3985 1925 4064 iucunda,
1958 4004 2139 4065 quam
2164 3984 2444 4045 salutaris
2472 3992 2642 4060 esset,
2683 3983 2739 4045 si

516 4079 564 4139 ii
594 4080 702 4161 qui
733 4100 936 4143 rerum
962 4085 1297 4165 potiuntur,
1331 4105 1417 4148 et.
1439 4087 1648 4148 alienis
1672 4087 1933 4169 peccatis
1965 4106 2074 4149 sua
2102 4087 2415 4148 emendare
2438 4106 2738 4146 conaren-

515 4191 638 4245 tur.
719 4184 883 4245 Idem
914 4187 1074 4247 enim
1099 4187 1310 4268 hostis,
1345 4188 1450 4270 qui
1474 4188 1676 4250 beatas
1705 4191 1853 4252 olim
1874 4190 2049 4251 Asiae
2077 4199 2138 4251 et
2160 4190 2446 4251 Graeciae
2472 4189 2735 4269 provin-

517 4286 639 4348 cias
667 4289 987 4369 oppressit,
1034 4291 1311 4368 vastavit,
1340 4291 1577 4370 evertit,
1607 4294 1829 4355 nostris
1854 4292 2031 4355 etiam
2059 4292 2396 4358 cervicibus
2423 4291 2694 4352 imminet
2713 4309 2733 4350 ε

583 4403 644 4471 ¹⁸¹)
680 4403 801 4458 Non
836 4421 1000 4458 exnv.
1035 4405 1125 4460 sed
1165 4422 1411 4461 oxum.
