3094 4876
521 388 728 438 xxxiv
972 366 1445 447 NICEPHOBI
1497 370 1979 443 GREGORAE
2026 372 2263 446 VITA.

523 535 664 598 theo
692 533 743 616 ¹·)
786 532 1118 596 medimna:
1165 536 1269 595 sed
1326 554 1506 615 quam
1549 532 1795 595 adeunti
1832 532 2078 595 cuilibet
2116 535 2346 598 multos
2385 554 2496 618 per
2536 558 2727 599 annos

524 621 820 705 patuisse,
861 630 922 682 et
955 640 1166 701 magua
1214 621 1651 700 discipulorum
1679 619 2219 699 &equentiasttum
2243 626 2384 683 cuni
2411 644 2505 684 res
2546 633 2726 686 nau-

525 707 749 789 quillae
785 715 998 785 essent,
1040 700 1601 787 quotidie-floruisse
1624 717 1852 765 certum
1875 715 1990 765 est.
2178 782 2184 791 ·

687 792 819 851 lllic
841 792 1042 871 itaque
1065 792 1301 852 incluso
1329 792 1611 852 custodes
1635 800 1694 850 et
1725 791 2138 872 exploratores
2164 791 2353 852 additi
2381 792 2426 851 ii
2452 792 2571 873 ipsi
2593 814 2726 852 mo·-

520 875 737 955 nuelli,
783 896 1039 956 quorum
1063 887 1191 938 erat
1218 878 1572 958 iampridem
1608 877 1929 937 convictor
1958 887 2028 936 et·
2047 877 2516 956 contubernalis3
2559 898 2726 938 man-

521 963 848 1041 datumque
868 962 1009 1040 illis,
1043 963 1339 1024 neminem
1352 973 1425 1023 ut
1449 962 1526 1022 ad
1547 974 1685 1024 eum
1703 961 1942 1041 ingredi
1966 961 2229 1022 sinerent
2244 1009 2260 1040 ,
2303 972 2725 1044 caverentque,

518 1068 599 1109 ne
618 1049 757 1107 ²eius
778 1047 1015 1108 litterae
1045 1049 1207 1108 foras
1231 1048 1309 1109 ad
1339 1068 1683 1130 quenquam
1714 1049 2147 1129 perferrentur.
2231 1049 2311 1109 Hi
2337 1066 2579 1109 munere
2603 1050 2726 1108 im-

518 1133 720 1215 posito
750 1133 1068 1212 diligenter
1094 1142 1272 1214 atque
1302 1134 1449 1195 adeo
1476 1155 1686 1215 parum
1714 1133 2059 1193 humaniter
2081 1132 2278 1193 functi
2310 1145 2452 1194 sunt
2479 1130 2570 1216 ²);
2614 1135 2727 1193 im·

518 1238 811 1278 memores
829 1218 1052 1301 quippe
1064 1219 1510 1297 beneficiorum,
1537 1220 1752 1300 quibus
1765 1219 2101 1278 innumeris
2124 1219 2324 1279 affecti
2339 1228 2510 1280 erant
2521 1222 2593 1279 ab
2605 1217 2727 1278 hoc

519 1314 726 1365 vetere
764 1303 1006 1393 hospite
1052 1314 1112 1365 et
1155 1306 1343 1365 altero
1386 1304 1555 1384 quasi
1592 1303 1935 1364 monasterii
1960 1304 2292 1364 conditore.
2381 1306 2517 1379 Qua
2557 1304 2631 1364 de
2657 1318 2728 1365 re

519 1389 718 1470 ipsum
755 1386 1076 1469 Gregorain
1123 1399 1388 1472 praestat
1422 1389 1631 1448 audire
1673 1388 2051 1449 acerbissime
2103 1400 2570 1468 conquerentem
2608 1389 2729 1449 fli-

519 1475 741 1534 st'oriae
775 1476 933 1535 libro
972 1494 1126 1538 nn.
1209 1475 1374 1535 Haec
1402 1493 1541 1533 cum
1566 1473 1652 1532 ita
1677 1494 1740 1533 se
1778 1472 2098 1549 haberent,
2143 1482 2347 1532 tamen
2373 1475 2561 1535 variis
2589 1495 2728 1534 mo-

522 1559 615 1619 dis
653 1568 885 1621 tentata
923 1560 1088 1620 illius
1121 1558 1473 1620 constantia.
1558 1558 1769 1619 Preces
1814 1568 1874 1617 et
1893 1555 2090 1617 minae
2124 1558 2369 1618 alternis
2401 1558 2725 1637 adhibitae,

523 1665 596 1703 ae
635 1645 712 1705 de
753 1645 1075 1705 concordia
1117 1643 1565 1704 reconcilianda
1607 1643 1859 1703 subinde
1899 1651 2098 1702 actum
2143 1662 2252 1722 per
2287 1643 2725 1704 internuncios.

523 1728 644 1788 Sed
681 1748 796 1787 nec
841 1729 1009 1788 missi
1039 1750 1075 1788 a
1117 1732 1530 1789 Cantacuzeno
1571 1738 1904 1805 senatores,
1947 1747 2061 1787 nec
2105 1728 2406 1808 episcopi,
2454 1727 2637 1788 aliive
2689 1748 2726 1787 a

521 1812 866 1893 patriarcha
895 1824 1160 1874 oratores
1188 1814 1439 1893 delegati
1456 1860 1472 1890 ‚
1516 1833 1632 1873 nec
1658 1832 1938 1895 praesens
1967 1813 2096 1892 ipse
2119 1812 2478 1892 patriarcha,
2520 1812 2726 1872 homi-

520 1916 662 1955 nem
700 1918 942 1959 movere
987 1908 1318 1980 potuerunt
1335 1944 1353 1976 ,
1396 1908 1469 1959 ut
1497 1899 1676 1959 novis
1704 1898 1961 1958 decretis
1986 1897 2404 1975 subscriberet,
2450 1918 2481 1958 e
2511 1898 2724 1978 quibus

520 1980 622 2041 illi
665 2000 851 2044 voces
872 1990 1191 2064 ‘suspectas
1225 1994 1286 2045 et
1314 1984 1606 2063 litigiosas
1637 1982 1899 2044 sublatas
1925 2002 2048 2043 esse
2071 1982 2467 2044 affirmabant.

693 2068 906 2147 Magna
949 2079 1078 2129 erat
1119 2080 1179 2130 et
1214 2088 1502 2151 perquam
1546 2078 1728 2130 vetus
1758 2069 2086 2147 Gregoram
2122 2067 2280 2127 inter
2304 2077 2365 2126 et
2395 2065 2723 2126 Cabasilam

520 2150 814 2214 amicitiae
873 2154 1331 2235 studiorumque
1382 2155 1761 2214 coniunctio:
1819 2172 1931 2235 par
1982 2153 2293 2212 amborum
2328 2152 2505 2213 fama.
2604 2151 2728 2211 Sed

518 2238 847 2317 Gregoram
882 2258 1062 2300 omne
1095 2239 1449 2301 eruditionis
1475 2258 1701 2317 genus,
1753 2237 2082 2297 Cabasilam
2123 2256 2251 2297 non
2281 2247 2406 2296 tam
2429 2235 2726 2313 doctrine,

518 2342 699 2402 quam
744 2324 1051 2401 ingenium
1099 2325 1396 2384 excellens
1448 2334 1512 2383 et
1530 2323 1848 2382 =naturalis
1889 2322 2184 2401 quaedam
2223 2321 2508 2382 facundia
2541 2341 2727 2382 orna-

517 2406 625 2468 bat
655 2405 740 2484 ⁸).
820 2407 899 2467 Et
940 2407 1104 2470 hunc
1126 2409 1343 2488 igitur,
1387 2426 1577 2489 quum
1604 2406 1853 2469 caeteris
1885 2406 2222 2469 oratoribus
2246 2407 2404 2467 male
2428 2406 2723 2485 cessisset,

517 2491 599 2551 ad
625 2492 955 2571 Gregoram
995 2489 1158 2554 mitti
1188 2494 1419 2575 placuit
1433 2538 1452 2571 ,
1498 2511 1818 2572 comesque
1842 2492 1900 2552 ei
1928 2493 2105 2554 datus
2129 2512 2289 2554 unus
2311 2513 2388 2552 ex
2419 2492 2726 2573 primariis

520 2576 753 2637 Callisti
792 2578 1168 2657 patriarchae
1200 2578 1582 2640 administris.
1664 2578 1755 2640 Ab
1777 2576 1874 2638 his
1897 2579 2141 2639 eaedem
2181 2597 2396 2639 rursus
2424 2578 2726 2658 quaestio-

515 2680 627 2722 nes
641 2661 910 2741 agitatae.
940 2665 1133 2744 Longi
1161 2674 1363 2725 autem
1380 2663 1670 2744 colloquii
1684 2660 1745 2744 4)
1760 2664 1923 2724 idem
1943 2663 2052 2743 qui
2068 2663 2346 2744 priorum
2358 2663 2724 2744 disputatio-

514 2765 668 2806 num
719 2748 952 2810 fructus
995 2749 1215 2810 extitit.
1298 2751 1390 2809 Ac
1440 2748 1539 2810 illi
1591 2749 1869 2829 quidem,
1907 2749 2123 2809 minati
2174 2759 2442 2812 exn-ema
2482 2745 2725 2828 (nempe

517 2831 644 2892 eius
689 2833 990 2895 orationes
1006 2879 1027 2911 ‚
1069 2835 1139 2893 iu
1173 2837 1533 2896 Sanctorum
1581 2834 1752 2895 festis
1785 2834 2033 2896 recitari
2083 2833 2323 2911 solitas,
2365 2833 2562 2912 iguem
2597 2852 2726 2895 esse

515 2916 892 2994 deleturum;
934 2919 1139 3000 ipsum
1193 2940 1337 2982 vero
1374 2930 1514 3001 post
1546 2929 1808 2981 mortem
1843 2929 2015 2981 extra
2041 2919 2222 2981 Urbis
2251 2919 2489 2981 moenia
2518 2917 2723 2999 proie-

518 3012 686 3062 ctum
707 3003 788 3064 iri
829 3024 904 3064 ao
936 3006 1247 3086 sepultura
1271 3004 1646 3086 cariturum),
1671 3021 1955 3066 successu
1980 3006 2295 3085 desperato
2315 3012 2718 3066 recesserunt.

510 3087 698 3148 Illum
728 3098 929 3151 autem
954 3091 1166 3154 durior
1192 3111 1374 3173 quam
1394 3102 1571 3153 antea
1596 3090 1986 3152 circumsedit
2009 3090 2260 3171 vigilum
2287 3088 2724 3152 monachorum

515 3174 810 3235 custodia.

687 3260 770 3319 At
825 3280 1122 3321 morosam
1173 3260 1589 3322 excubitorum
1626 3261 1999 3342 vigilantiam
2045 3260 2218 3323 brevi
2252 3258 2470 3322 fefellit
2504 3256 2725 3322 veteris

512 3341 834 3422 fidelisque
855 3344 1031 3403 amici
1059 3346 1301 3406 solertia
1315 3389 1336 3422 ,
1378 3346 1639 3407 simodo
1675 3368 1823 3408 vera
1849 3357 1991 3409 sunt
2015 3366 2103 3424 ea,
2145 3365 2295 3425 quae
2323 3339 2725 3423 Gregoras'de

511 3427 920 3508 Agathangelo
939 3473 960 3508 ,
1009 3431 1333 3491 callistrati
1373 3431 1502 3493 filio
1518 3476 1538 3510 ,
1577 3443 1888 3497 memorat.
1976 3432 2203 3514 Nempe
2247 3438 2506 3493 exeunte
2559 3448 2722 3490 anno

585 3625 831 3824 ¹³02&
854 3624 2720 3772 ἐὲὣῑχῗεῗῒτειᾞᾏῗεξῖεεπεβάῑῐέῑᾞὲεέἁτεεεί

649 3787 722 3855 πᾳ
773 3770 1143 3839 δυσχεραίνων
1177 3765 1382 3855 §cerel
1418 3771 1516 3828 καὶ
1545 3771 1688 3842 πρὸς
1715 3768 1897 3848 uzindur
1930 3769 2032 3857 τῂν
2069 3765 2290 3841 συνήθη
2317 3768 2600 3837 καθέδραν
2623 3767 2723 3825 καὶ

646 3857 749 3893 τον
774 3839 1049 3903 οἰκίσκον,
1081 3837 1140 3907 ἐξ
1166 3855 1426 3896 «nomeu
1453 3838 1555 3897 διά
1589 3860 1743 3904 τινος
1765 3861 1847 3897 πα
1883 3853 2108 3909 muco
2133 3841 2378 3910 θυρίδος
2407 3840 2631 3906 (καίτοι
2656 3856 2718 3907 ys

647 3909 863 3993 ψεῦδος
901 3909 996 3964 καὶ
1032 3904 1173 3965 αὖτὸ
1212 3912 1418 3996 godeo,
1451 3913 1554 3982 τῆς
1580 3913 1763 3973 οἰκίας
1868 3914 1946 4000 τῇ
1970 3906 2312 4014 χοιμᾳιζεξλου
2337 3908 2431 3964 καὶ
2453 3910 2719 4034 τωιξεινές

647 3978 2724 4135 :53:3²32szgszsseac‘mmffaffi.“32522‘5222-‘355‘2022

646 4135 850 4187 αγυεας
875 4116 970 4172 καὶ
997 4116 1101 4182 τὰς
1121 4116 1384 4206 τριόδους
1407 4119 1659 4204 sentinet,-
1677 4120 2028 4206 oeoepoewvzvjv·
2046 4138 2177 4176 τινα
2209 4122 2456 4188 πορίζειν
2485 4123 2605 4182 τοῖς
2630 4122 2724 4173 λο-

637 4191 855 4310 se
889 4183 1529 4325 emnem..
1561 4190 1872 4316 ase-¹¹21
1906 4189 2259 4328 ”er-...1
2239 4188 2454 4313 Ἥ,
2510 4186 2718 4311 see:

646 4341 694 4380 c.
721 4327 775 4381 50
909 4323 978 4394 4)
1012 4276 1287 4398 Gregograe
1322 4328 1613 4402 disputatio
1651 4346 1763 4384 cum
1805 4328 2054 4385 Cabasila
2088 4334 2240 4384 extat
2269 4327 2418 4384 mut.
2465 4325 2555 4382 ub.
2583 4338 2720 4381 xxn.

646 4410 803 4449 xxm.
829 4402 887 4450 et
904 4411 1055 4449 xxxv.
