3094 4876
504 395 679 445 mn
1088 381 1203 450 10.
1259 379 1591 453 BOl'VINI
1653 379 2170 450 PRAEFATIO.

507 545 601 604 lae
652 549 712 603 et
753 538 1073 602 relationes
1117 541 1398 619 selectae,
1438 561 1517 602 ex
1557 541 1765 603 codice
1810 539 2129 620 singulari,
2170 557 2349 618 quem
2383 538 2712 601 Bibliothe-

511 666 613 706 cae
636 643 851 724 Regiae
879 663 1017 704 cum
1058 643 1188 705 aliis
1243 644 1452 705 multis
1481 665 1679 727 nuper
1726 643 1979 706 donavit
2012 644 2076 704 C.
2119 641 2321 704 Maon.
2356 642 2709 716 Tamarus,

508 746 993 828 archiepiscopus
1019 746 1161 807 Dux
1189 746 1554 810 Rhemensis.

666 848 741 911 V.
783 848 1081 914 Manuelis
1127 852 1331 912 Philae
1368 856 1582 933 po'ema
1629 848 1992 911 historicum
2031 848 2106 909 de
2148 845 2458 910 Michaelis
2491 843 2714 907 Glabae

505 954 682 1021 rebus
707 956 917 1038 gestis,
960 977 1040 1018 ex
1085 955 1201 1017 alio
1235 955 1368 1015 cod.
1399 954 1581 1032 Regio
1616 950 1789 1035 (olim
1826 951 2187 1035 Telleriano)
2220 953 2609 1035 descriptum.

674 1061 777 1124 vl.
818 1063 1039 1122 'somus
1079 1057 1529 1140 pseudosynodi
1559 1056 1933 1120 Palamiticae
1952 1104 1970 1137 ,
2014 1058 2209 1119 editus
2255 1076 2291 1116 a
2331 1054 2710 1117 combefisio.

677 1165 815 1227 VII.
857 1165 1159 1243 Excerpta
1194 1180 1272 1221 ex
1307 1160 1551 1243 scriptis
1589 1160 1918 1244 Nicephori
1958 1159 2371 1241 Blemmydae‚
2438 1158 2717 1243 Gregorii

511 1263 751 1347 Cyprii,
795 1264 1093 1327 Theoduli
1120 1263 1426 1338 Uictoris,
1471 1264 1795 1348 Nicephori
1829 1263 2087 1325 Chumni
2104 1309 2122 1341 ‚
2166 1262 2483 1341 Barlaami,
2524 1262 2718 1324 Acin-

510 1367 658 1449 dyni
676 1412 694 1445 ‚
724 1368 1026 1446 Palmae,
1069 1368 1305 1429 Nicolai
1339 1367 1639 1427 Cabasilae
1655 1413 1672 1445 ,
1715 1367 2015 1430 Philothei
2044 1366 2453 1448 patriarchae,
2499 1370 2721 1431 Medici

509 1471 860 1548 Taronitac,
918 1471 1347 1547 Cantacuzeni‚
1401 1469 1687 1531 Demetrii
1727 1470 2013 1550 Cydouii,
2058 1470 2248 1552 ipsius
2290 1468 2616 1550 Gregorae,
2657 1481 2720 1533 et

513 1571 800 1649 aliorum,
840 1575 1038 1634 omnia
1072 1571 1443 1654 paucissimis
1473 1572 1741 1655 exceptis
1769 1574 2076 1634 anecdota.

678 1679 771 1740 Ita
828 1687 1088 1758 quatuor
1118 1674 1299 1735 tomis
1323 1673 1624 1754 integrum
1662 1697 1815 1758 opus
1842 1674 2168 1737 constabit:
2215 1677 2382 1757 quod
2410 1677 2606 1756 brevi,
2646 1688 2721 1739 ut

508 1800 684 1864 spero
700 1826 718 1858 ,
755 1780 1132 1856 absolvetur,
1175 1777 1416 1838 favente
1453 1777 1620 1838 hisce
1655 1780 1870 1839 studiis
1911 1778 2135 1839 nostris
2160 1779 2576 1841 Illust'risssimo
2598 1782 2721 1841 Co-

507 1881 685 1958 mite,
731 1880 1080 1941 cancellarii
1106 1878 1231 1939 filio
1250 1926 1268 1956 ,
1309 1879 1681 1941 Hnmommo
1709 1882 2275 1944 Peneum-nmmo.
2362 1884 2593 1965 Nempe
2617 1884 2720 1944 hic

511 1983 589 2045 ad
623 1983 944 2044 secretiora
973 1982 1148 2062 Regis
1179 1981 1428 2042 consilia
1459 1982 1771 2061 admissus,
1815 1994 1989 2065 atque
2018 1985 2203 2066 ipsius
2232 1984 2320 2046 rei
2350 1987 2590 2045 navalis
2614 1986 2718 2045 ad-

508 2084 939 2146 ministrationi
967 2084 1308 2166 praefectus
1324 2125 1344 2159 ‚
1386 2076 1607 2147 artium
1638 2097 1942 2169 praeterea
1978 2098 2036 2147 et
2059 2087 2519 2149 Academiarum
2540 2090 2720 2150 rebus

511 2188 864 2250 ordinandis
891 2185 1205 2264 incumbit,
1237 2206 1554 2250 successor
1579 2188 1739 2251 idem
1773 2198 1836 2255 ct
1869 2189 2131 2250 aemulus
2163 2189 2386 2270 patris3
2413 2209 2599 2269 quem
2609 2190 2719 2252 lit-

510 2300 775 2352 terarum
815 2310 887 2349 ac
924 2290 1329 2350 litteratorum
1362 2310 1568 2352 amore
1606 2301 1667 2351 et
1695 2292 1940 2352 exculto
1985 2291 2333 2352 h‘beralibus
2377 2291 2723 2375 disciplinis

509 2392 749 2474 ingenio
775 2392 864 2452 sic
886 2392 1101 2468 refert,
1144 2399 1218 2453 ut
1242 2391 1300 2453 ei
1339 2412 1468 2467 pon
1497 2401 1623 2454 tam
1666 2390 1733 2453 in
1763 2412 1939 2455 curas
1968 2414 2152 2476 quam
2192 2394 2260 2455 iu
2287 2394 2538 2458 laudem
2576 2417 2718 2459 suc·
2785 2467 2796 2474 .

510 2493 759 2558 cessisse
784 2494 1077 2572 videatur.
