3094 4876
923 1105 1977 1205 PRAEMONITUM.

340 1591 745 1732 Nicephori
794 1641 1130 1729 Gregorae
1165 1642 1521 1709 Historiam
1551 1642 1981 1741 Byzantinam
1996 1694 2018 1729 ,
2061 1646 2226 1729 sive,
2271 1655 2351 1712 nt
2397 1646 2537 1735 ipse

348 1784 541 1826 more
587 1784 817 1849 graeco
861 1761 1051 1842 dicit,
1107 1760 1513 1845 Romanam,
1568 1765 1829 1854 primus
1878 1765 1949 1830 in
1987 1765 2205 1831 lucem
2249 1763 2538 1855 protulit

339 1880 802 1969 Hieronymus
839 1877 1135 1944 Wolfius
1171 1880 1451 1948 Basileae
1485 1904 1658 1948 anno
1690 1888 1872 1954 1562.
1892 1931 1911 1965 ,
1942 1906 2168 1972 graece
2208 1896 2274 1951 et
2308 1883 2533 1963 latine,
2649 1978 2652 1981 Δ

339 1998 688 2064 nonnullis
719 1997 1250 2064 annotationibus
1270 2000 1350 2067 de
1379 2000 1605 2067 critico
1632 2003 2054 2092 potissimum
2082 2025 2317 2092 genere
2340 2002 2537 2068 addi-

348 2117 465 2182 tis.
542 2117 737 2197 Quae
784 2116 974 2183 editio
1032 2138 1191 2183 cum
1236 2137 1322 2182 ex
1363 2116 1692 2183 codicibus
1739 2119 1935 2186 ducta
1996 2132 2160 2185 esset
2205 2141 2537 2207 perquam

358 2234 687 2301 mendosis
735 2245 796 2301 et
845 2235 965 2322 qui
1008 2234 1321 2301 undecim
1374 2246 1638 2302 tantum
1682 2235 1890 2303 libros
1940 2236 2201 2325 priores
2222 2284 2244 2320 ,
2303 2237 2370 2302 id
2417 2248 2534 2317 est,
2633 2316 2656 2327 ρ

344 2352 577 2445 paullo
604 2354 822 2420 minus
862 2375 1068 2442 quam
1100 2363 1405 2442 quartam
1440 2355 1650 2422 totius
1686 2355 1904 2446 operis
1939 2366 2202 2445 partem
2233 2353 2535 2443 comple-

340 2484 717 2552 cterentur,
771 2473 1003 2539 accidit
1063 2484 1493 2565 opportune,
1545 2485 1630 2541 nt
1669 2473 1945 2543 Ioannes
1985 2474 2296 2543 Boivinus
2340 2475 2530 2540 initio

340 2591 581 2659 saeculi
616 2592 959 2683 proximi,
1000 2614 1244 2682 magno
1276 2593 1621 2683 Ducangio
1666 2603 1968 2674 auctore,
2008 2591 2209 2660 huius
2242 2594 2531 2682 scripto-

334 2713 430 2779 ris
457 2711 676 2778 denuo
710 2709 1022 2798 vulgandi
1054 2722 1249 2799 atque
1278 2711 1360 2778 ad
1387 2713 1826 2800 integritatem
1854 2712 2136 2804 propius
2168 2710 2533 2778 adducendi
2610 2759 2619 2770 -

338 2852 572 2897 curam
606 2829 993 2920 susciperet.
1073 2829 1239 2899 Erat
1280 2841 1510 2897 autem
1547 2830 1651 2903 10.
1682 2830 2004 2898 Boivinus
2033 2832 2136 2899 vir
2172 2828 2533 2920 praestanti
2581 2835 2586 2842 '
2637 2859 2650 2887 ι

336 2948 636 3016 doctrina
652 2999 673 3032 ,
714 2959 785 3017 et
823 2947 1077 3037 egregia
1116 2948 1448 3016 librorum
1464 2998 1487 3035 ‚
1538 2950 1839 3018 maxime
1875 2949 2327 3020 Parisinorum
2341 2994 2362 3028 ,
2421 2970 2535 3012 co-
2644 3028 2655 3038 ·

331 3069 451 3158 pia
482 3070 876 3135 instructus:
920 3090 1219 3158 quorum
1259 3090 1392 3157 ope
1430 3090 1573 3136 non
1614 3069 1842 3138 solum
1882 3091 1991 3151 ea,
2035 3057 2204 3156 quae
2233 3064 2529 3131 Wolfius

329 3186 575 3254 mutila
602 3198 670 3253 et
700 3186 1013 3254 lacunosa
1041 3186 1273 3266 habet,
1313 3209 1485 3274 quae
1510 3209 1668 3252 sane
1702 3188 2051 3252 innumera
2079 3195 2269 3264 sunt,
2311 3181 2528 3249 felici-

332 3316 447 3372 ter
486 3306 826 3398 supplevit
867 3319 933 3373 et
977 3307 1097 3373 alia
1128 3306 1310 3374 haud
1346 3327 1557 3398 pauca
1589 3303 2020 3373 librariorum
2057 3305 2209 3371 vitia
2238 3300 2526 3383 sustulit,

328 3446 572 3492 verum
610 3426 815 3492 etiam
856 3425 1062 3492 altero
1102 3436 1291 3491 tanto
1335 3428 1592 3493 maiore
1629 3426 1965 3493 librorum
2005 3443 2291 3488 numero
2327 3421 2528 3488 Nice-

327 3543 542 3631 phori
568 3565 745 3634 opus
774 3541 1223 3634 locupletavit.
1295 3543 1549 3610 Prodiit
1577 3544 1713 3609 eius
1742 3542 1937 3610 editio
1964 3540 2222 3609 Parisiis
2247 3562 2283 3608 e
2312 3550 2525 3626 typo-

326 3660 610 3751 graphia
637 3663 815 3751 regia
848 3685 1021 3729 anno
1057 3669 1273 3744 1702„
1311 3662 1513 3727 tomis
1541 3659 1843 3744 duobus,
1878 3682 2170 3747 quorum
2202 3657 2397 3747 prior
2431 3653 2522 3720 li-

327 3780 491 3847 bros
519 3781 828 3848 undecim
854 3807 893 3849 a
918 3779 1179 3847 Wolfio
1204 3780 1507 3868 vulgatos
1532 3779 1853 3861 continet,
1896 3777 2059 3843 alter
2079 3775 2358 3843 ineditos
2381 3785 2522 3840 tre-
2640 3785 2652 3818 ³

325 3898 578 3982 decim,
622 3922 790 3987 quos
816 3903 961 3992 ipse
984 3925 1020 3968 e
1042 3901 1230 3968 MSS.
1258 3900 1448 3970 eruit.
1519 3899 1702 3966 Idem
1729 3895 2068 3987 pollicitus
2093 3905 2210 3978 est,
2247 3917 2320 3962 se
2348 3914 2517 3981 qua-

321 4018 702 4086 tuordecim
751 4019 1045 4109 reliquos
1098 4018 1305 4085 libros
1367 4041 1503 4084 una
1549 4039 1708 4083 cum
1753 4016 2110 4082 Variorum
2159 4009 2514 4101 opusculis,

324 4158 497 4226 quae
530 4137 621 4204 ad
650 4137 999 4206 historiam
1033 4161 1179 4206 eam
1208 4137 1674 4204 illustrandam
1710 4133 2034 4215 facerent,
2077 4130 2335 4199 duobus
2373 4128 2516 4197 aliis

320 4256 526 4323 tomis
560 4259 1116 4348 comprehensos,
1158 4257 1511 4329 editurum.
1599 4255 1730 4324 Sed
1755 4255 2164 4347 promissum
2205 4271 2345 4316 non
2387 4270 2517 4336 ap-
