<?xml version="1.0" encoding="UTF-8"?>
<!DOCTYPE html PUBLIC "-//W3C//DTD XHTML 1.0 Transitional//EN"
    "http://www.w3.org/TR/xhtml1/DTD/xhtml1-transitional.dtd">
<html xmlns="http://www.w3.org/1999/xhtml" xml:lang="en" lang="en">
 <head>
  <title>
</title>
<meta http-equiv="Content-Type" content="text/html;charset=utf-8" />
  <meta name='ocr-system' content='tesseract 3.04.00' />
  <meta name='ocr-capabilities' content='ocr_page ocr_carea ocr_par ocr_line ocrx_word'/>
</head>
<body>
  <div class='ocr_page' id='page_1' title='image "./corpusscriptoru17berlgoog_0066.png"; bbox 0 0 3094 4876; ppageno 0'>
   <div class='ocr_carea' id='block_1_1' title="bbox 451 358 2233 434">
    <p class='ocr_par' dir='ltr' id='par_1_1' title="bbox 451 358 2233 434">
     <span class='ocr_line' id='line_1_1' title="bbox 451 358 2233 434; baseline 0.006 -11"><span class='ocrx_word' id='word_1_1' title='bbox 451 374 543 423; x_wconf 76' lang='lat' dir='ltr'><strong>u</strong></span> <span class='ocrx_word' id='word_1_2' title='bbox 842 362 1310 434; x_wconf 81' lang='lat' dir='ltr'>NICEPHORI</span> <span class='ocrx_word' id='word_1_3' title='bbox 1353 358 1834 434; x_wconf 86' lang='lat' dir='ltr'><strong>GREGORAE</strong></span> <span class='ocrx_word' id='word_1_4' title='bbox 1873 363 2233 433; x_wconf 86' lang='lat' dir='ltr'><strong>ELOGIA.</strong></span> 
     </span>
    </p>
   </div>
   <div class='ocr_carea' id='block_1_2' title="bbox 442 517 2639 886">
    <p class='ocr_par' dir='ltr' id='par_1_2' title="bbox 442 517 2639 861">
     <span class='ocr_line' id='line_1_2' title="bbox 452 517 2639 626; baseline 0.001 -40"><span class='ocrx_word' id='word_1_5' title='bbox 452 526 674 599; x_wconf 82' lang='grc' dir='ltr'><strong><em>οικεῖν,</em></strong></span> <span class='ocrx_word' id='word_1_6' title='bbox 714 520 818 586; x_wconf 78' lang='grc' dir='ltr'>καὶ</span> <span class='ocrx_word' id='word_1_7' title='bbox 843 517 984 586; x_wconf 80' lang='grc' dir='ltr'><strong><em>κατ’</em></strong></span> <span class='ocrx_word' id='word_1_8' title='bbox 1016 546 1201 604; x_wconf 80' lang='grc' dir='ltr'><strong><em>αμφω</em></strong></span> <span class='ocrx_word' id='word_1_9' title='bbox 1227 519 1302 586; x_wconf 70' lang='grc' dir='ltr'>τοὶ</span> <span class='ocrx_word' id='word_1_10' title='bbox 1346 521 1527 605; x_wconf 82' lang='grc' dir='ltr'><strong><em>μέρη,</em></strong></span> <span class='ocrx_word' id='word_1_11' title='bbox 1570 521 1637 588; x_wconf 82' lang='grc' dir='ltr'>τό</span> <span class='ocrx_word' id='word_1_12' title='bbox 1650 517 2033 626; x_wconf 74' lang='grc' dir='ltr'><strong><em>θεωρητικόν</em></strong></span> <span class='ocrx_word' id='word_1_13' title='bbox 2057 547 2219 605; x_wconf 82' lang='grc' dir='ltr'><strong><em>φημι</em></strong></span> <span class='ocrx_word' id='word_1_14' title='bbox 2245 522 2350 588; x_wconf 70' lang='lat' dir='ltr'>nel</span> <span class='ocrx_word' id='word_1_15' title='bbox 2374 520 2445 588; x_wconf 88' lang='grc' dir='ltr'>το</span> <span class='ocrx_word' id='word_1_16' title='bbox 2474 548 2639 608; x_wconf 83' lang='grc' dir='ltr'><strong><em>πρα-</em></strong></span> 
     </span>
     <span class='ocr_line' id='line_1_3' title="bbox 448 603 2638 716; baseline 0.001 -46"><span class='ocrx_word' id='word_1_17' title='bbox 448 631 684 684; x_wconf 75' lang='grc' dir='ltr'><strong><em>κτικον,</em></strong></span> <span class='ocrx_word' id='word_1_18' title='bbox 735 603 1003 713; x_wconf 78' lang='grc' dir='ltr'><strong><em>ἐλαχιστα</em></strong></span> <span class='ocrx_word' id='word_1_19' title='bbox 1035 614 1118 695; x_wconf 78' lang='grc' dir='ltr'>τῷ</span> <span class='ocrx_word' id='word_1_20' title='bbox 1160 611 1515 715; x_wconf 79' lang='grc' dir='ltr'><strong><em>Πτολεμαίῳ</em></strong></span> <span class='ocrx_word' id='word_1_21' title='bbox 1541 632 1841 716; x_wconf 53' lang='grc' dir='ltr'><strong><em>ζρωμενοι</em></strong></span> <span class='ocrx_word' id='word_1_22' title='bbox 1877 614 1965 692; x_wconf 75' lang='grc' dir='ltr'>τῷ</span> <span class='ocrx_word' id='word_1_23' title='bbox 1993 607 2055 710; x_wconf 90' lang='lat'>¹)</span> <span class='ocrx_word' id='word_1_24' title='bbox 2075 610 2258 672; x_wconf 88' lang='grc' dir='ltr'><strong><em>πλείω</em></strong></span> <span class='ocrx_word' id='word_1_25' title='bbox 2284 616 2412 683; x_wconf 88' lang='grc' dir='ltr'><strong><em>τοῖς</em></strong></span> <span class='ocrx_word' id='word_1_26' title='bbox 2433 608 2638 672; x_wconf 81' lang='grc' dir='ltr'><strong><em>νεωτέ-</em></strong></span> 
     </span>
     <span class='ocr_line' id='line_1_4' title="bbox 445 687 2634 801; baseline 0 -44"><span class='ocrx_word' id='word_1_27' title='bbox 445 715 591 795; x_wconf 83' lang='grc' dir='ltr'><strong><em>ροις</em></strong></span> <span class='ocrx_word' id='word_1_28' title='bbox 627 688 1041 757; x_wconf 79' lang='grc' dir='ltr'><strong><em>πιστεύουσιν·</em></strong></span> <span class='ocrx_word' id='word_1_29' title='bbox 1101 687 1179 758; x_wconf 73' lang='grc' dir='ltr'>οιῗ</span> <span class='ocrx_word' id='word_1_30' title='bbox 1226 718 1339 775; x_wconf 80' lang='grc' dir='ltr'>γαρ</span> <span class='ocrx_word' id='word_1_31' title='bbox 1385 700 1514 769; x_wconf 86' lang='grc' dir='ltr'><strong><em>τοῖς</em></strong></span> <span class='ocrx_word' id='word_1_32' title='bbox 1562 695 1934 801; x_wconf 63' lang='grc' dir='ltr'><strong><em>Λρρξαβιιιοῖς</em></strong></span> <span class='ocrx_word' id='word_1_33' title='bbox 1978 689 2187 775; x_wconf 84' lang='grc' dir='ltr'><strong><em>μόνοις</em></strong></span> <span class='ocrx_word' id='word_1_34' title='bbox 2227 689 2549 775; x_wconf 71' lang='grc' dir='ltr'><strong><em>ἆρκοῦντες</em></strong></span> <span class='ocrx_word' id='word_1_35' title='bbox 2575 692 2634 774; x_wconf 71' lang='lat'>²)</span> 
     </span>
     <span class='ocr_line' id='line_1_5' title="bbox 442 772 2638 886; baseline 0 -46"><span class='ocrx_word' id='word_1_36' title='bbox 442 772 709 855; x_wconf 69' lang='grc' dir='ltr'><strong><em>κανόσιν,</em></strong></span> <span class='ocrx_word' id='word_1_37' title='bbox 736 778 802 842; x_wconf 83' lang='grc' dir='ltr'>ἐκ</span> <span class='ocrx_word' id='word_1_38' title='bbox 831 784 944 842; x_wconf 77' lang='grc' dir='ltr'>τοῦ</span> <span class='ocrx_word' id='word_1_39' title='bbox 943 777 1260 886; x_wconf 80' lang='grc' dir='ltr'><strong><em>Μωαμὲθ</em></strong></span> <span class='ocrx_word' id='word_1_40' title='bbox 1281 776 1620 861; x_wconf 79' lang='grc' dir='ltr'><strong><em>η’ργμένοις,</em></strong></span> <span class='ocrx_word' id='word_1_41' title='bbox 1649 773 1797 842; x_wconf 72' lang='grc' dir='ltr'><strong><em>ἄλλα</em></strong></span> <span class='ocrx_word' id='word_1_42' title='bbox 1825 784 2065 854; x_wconf 75' lang='grc' dir='ltr'><strong><em>πολλοῖς</em></strong></span> <span class='ocrx_word' id='word_1_43' title='bbox 2090 780 2195 843; x_wconf 72' lang='grc' dir='ltr'><strong><em>καὶ</em></strong></span> <span class='ocrx_word' id='word_1_44' title='bbox 2225 777 2425 853; x_wconf 70' lang='grc' dir='ltr'><strong><em>ἄλλοις</em></strong></span> <span class='ocrx_word' id='word_1_45' title='bbox 2449 797 2638 859; x_wconf 79' lang='grc' dir='ltr'><strong><em>προσ-</em></strong></span> 
     </span>
    </p>
   </div>
   <div class='ocr_carea' id='block_1_3' title="bbox 440 857 2746 945">
    <p class='ocr_par' dir='ltr' id='par_1_3' title="bbox 440 857 2746 945">
     <span class='ocr_line' id='line_1_6' title="bbox 440 857 2746 945; baseline 0 -21"><span class='ocrx_word' id='word_1_46' title='bbox 440 867 715 945; x_wconf 72' lang='grc' dir='ltr'><strong><em>χρῶνται.</em></strong></span> <span class='ocrx_word' id='word_1_47' title='bbox 772 857 960 927; x_wconf 65' lang='grc' dir='ltr'><strong><em>ταῦτα</em></strong></span> <span class='ocrx_word' id='word_1_48' title='bbox 996 887 1058 928; x_wconf 87' lang='grc' dir='ltr'><strong><em>τε</em></strong></span> <span class='ocrx_word' id='word_1_49' title='bbox 1106 887 1222 928; x_wconf 87' lang='grc' dir='ltr'>ουν</span> <span class='ocrx_word' id='word_1_50' title='bbox 1266 883 1478 942; x_wconf 85' lang='grc' dir='ltr'><strong><em>σαφως</em></strong></span> <span class='ocrx_word' id='word_1_51' title='bbox 1508 864 1853 940; x_wconf 78' lang='grc' dir='ltr'><strong><em>ἐκδίδαξον,</em></strong></span> <span class='ocrx_word' id='word_1_52' title='bbox 1898 864 2002 927; x_wconf 72' lang='grc' dir='ltr'><strong><em>καὶ</em></strong></span> <span class='ocrx_word' id='word_1_53' title='bbox 2054 864 2216 945; x_wconf 78' lang='grc' dir='ltr'><strong><em>εἴπερ</em></strong></span> <span class='ocrx_word' id='word_1_54' title='bbox 2249 859 2376 928; x_wconf 80' lang='grc' dir='ltr'><strong><em>οἷον</em></strong></span> <span class='ocrx_word' id='word_1_55' title='bbox 2404 886 2467 927; x_wconf 88' lang='grc' dir='ltr'><strong><em>τε</em></strong></span> <span class='ocrx_word' id='word_1_56' title='bbox 2494 887 2641 939; x_wconf 78' lang='grc' dir='ltr'><strong><em>τους</em></strong></span> <span class='ocrx_word' id='word_1_57' title='bbox 2739 912 2746 925; x_wconf 88' lang='grc'><strong><em>.</em></strong></span> 
     </span>
    </p>
   </div>
   <div class='ocr_carea' id='block_1_4' title="bbox 435 944 2640 1478">
    <p class='ocr_par' dir='ltr' id='par_1_4' title="bbox 435 944 2640 1458">
     <span class='ocr_line' id='line_1_7' title="bbox 438 944 2640 1054; baseline 0.001 -45"><span class='ocrx_word' id='word_1_58' title='bbox 438 952 551 1027; x_wconf 83' lang='grc' dir='ltr'>τῆς</span> <span class='ocrx_word' id='word_1_59' title='bbox 579 950 892 1028; x_wconf 77' lang='grc' dir='ltr'><strong><em>ψηφορίας</em></strong></span> <span class='ocrx_word' id='word_1_60' title='bbox 920 973 1180 1022; x_wconf 77' lang='grc' dir='ltr'><strong><em>κανονας</em></strong></span> <span class='ocrx_word' id='word_1_61' title='bbox 1206 944 1391 1032; x_wconf 86' lang='grc' dir='ltr'><strong><em>(ουτω</em></strong></span> <span class='ocrx_word' id='word_1_62' title='bbox 1431 946 1497 1012; x_wconf 80' lang='grc' dir='ltr'>δὲ</span> <span class='ocrx_word' id='word_1_63' title='bbox 1523 946 1596 1012; x_wconf 78' lang='grc' dir='ltr'>τοὶ</span> <span class='ocrx_word' id='word_1_64' title='bbox 1625 947 2080 1031; x_wconf 80' lang='grc' dir='ltr'><strong><em>παραγγέλματα</em></strong></span> <span class='ocrx_word' id='word_1_65' title='bbox 2099 953 2212 1012; x_wconf 79' lang='grc' dir='ltr'>τοῦ</span> <span class='ocrx_word' id='word_1_66' title='bbox 2233 955 2640 1054; x_wconf 81' lang='grc' dir='ltr'><strong><em>ψηφηφορεῖν</em></strong></span> 
     </span>
     <span class='ocr_line' id='line_1_8' title="bbox 438 1028 2639 1141; baseline 0.001 -47"><span class='ocrx_word' id='word_1_67' title='bbox 438 1028 693 1095; x_wconf 74' lang='grc' dir='ltr'><strong><em>καλοῦσι</em></strong></span> <span class='ocrx_word' id='word_1_68' title='bbox 687 1033 1004 1137; x_wconf 87' lang='grc' dir='ltr'><strong><em>Λατῖνοι)</em></strong></span> <span class='ocrx_word' id='word_1_69' title='bbox 1049 1033 1331 1111; x_wconf 81' lang='grc' dir='ltr'><strong><em>κέλευσον</em></strong></span> <span class='ocrx_word' id='word_1_70' title='bbox 1378 1035 1884 1116; x_wconf 81' lang='grc' dir='ltr'><strong><em>μετεγγραφέντας</em></strong></span> <span class='ocrx_word' id='word_1_71' title='bbox 1925 1035 2216 1115; x_wconf 84' lang='grc' dir='ltr'><strong><em>σταλῆναί</em></strong></span> <span class='ocrx_word' id='word_1_72' title='bbox 2257 1058 2390 1141; x_wconf 88' lang='grc' dir='ltr'><strong><em>μοι,</em></strong></span> <span class='ocrx_word' id='word_1_73' title='bbox 2441 1057 2525 1107; x_wconf 88' lang='grc' dir='ltr'>ως</span> <span class='ocrx_word' id='word_1_74' title='bbox 2558 1057 2639 1096; x_wconf 90' lang='grc' dir='ltr'>αν</span> 
     </span>
     <span class='ocr_line' id='line_1_9' title="bbox 439 1113 2638 1222; baseline 0.001 -43"><span class='ocrx_word' id='word_1_75' title='bbox 439 1117 554 1198; x_wconf 75' lang='grc' dir='ltr'>ἔχω</span> <span class='ocrx_word' id='word_1_76' title='bbox 594 1140 848 1192; x_wconf 85' lang='grc' dir='ltr'><strong><em>τουτους</em></strong></span> <span class='ocrx_word' id='word_1_77' title='bbox 875 1126 1002 1193; x_wconf 88' lang='grc' dir='ltr'><strong><em>τοῖς</em></strong></span> <span class='ocrx_word' id='word_1_78' title='bbox 1033 1119 1278 1183; x_wconf 81' lang='grc' dir='ltr'><strong><em>ἐκείνων</em></strong></span> <span class='ocrx_word' id='word_1_79' title='bbox 1307 1121 1695 1201; x_wconf 82' lang='grc' dir='ltr'><strong><em>παραβαλεῖν.</em></strong></span> <span class='ocrx_word' id='word_1_80' title='bbox 1736 1119 1911 1201; x_wconf 71' lang='grc' dir='ltr'><strong><em>ἡμεῖς</em></strong></span> <span class='ocrx_word' id='word_1_81' title='bbox 1918 1116 2052 1222; x_wconf 77' lang='grc' dir='ltr'>γοέρ</span> <span class='ocrx_word' id='word_1_82' title='bbox 2086 1143 2249 1203; x_wconf 77' lang='grc' dir='ltr'><strong><em>ακρῳ</em></strong></span> <span class='ocrx_word' id='word_1_83' title='bbox 2279 1143 2344 1183; x_wconf 94' lang='grc' dir='ltr'>το</span> <span class='ocrx_word' id='word_1_84' title='bbox 2386 1122 2497 1182; x_wconf 80' lang='grc' dir='ltr'>τοῦ</span> <span class='ocrx_word' id='word_1_85' title='bbox 2525 1113 2638 1181; x_wconf 82' lang='grc' dir='ltr'><strong><em>λό-</em></strong></span> 
     </span>
     <span class='ocr_line' id='line_1_10' title="bbox 436 1198 2640 1311; baseline 0.001 -47"><span class='ocrx_word' id='word_1_86' title='bbox 436 1224 549 1289; x_wconf 82' lang='grc' dir='ltr'>γου</span> <span class='ocrx_word' id='word_1_87' title='bbox 585 1202 928 1285; x_wconf 75' lang='grc' dir='ltr'><strong><em>γεγευμένοι</em></strong></span> <span class='ocrx_word' id='word_1_88' title='bbox 966 1199 1235 1290; x_wconf 79' lang='grc' dir='ltr'><strong><em>δακτύλω</em></strong></span> <span class='ocrx_word' id='word_1_89' title='bbox 1275 1209 1407 1311; x_wconf 87' lang='grc' dir='ltr'>τῆς</span> <span class='ocrx_word' id='word_1_90' title='bbox 1444 1208 1701 1309; x_wconf 78' lang='grc' dir='ltr'><strong><em>κλεινῆς</em></strong></span> <span class='ocrx_word' id='word_1_91' title='bbox 1727 1199 2055 1285; x_wconf 75' lang='grc' dir='ltr'><strong><em>ἐπιστήμης</em></strong></span> <span class='ocrx_word' id='word_1_92' title='bbox 2113 1198 2463 1307; x_wconf 79' lang='grc' dir='ltr'><strong><em>φλεγόμεθα</em></strong></span> <span class='ocrx_word' id='word_1_93' title='bbox 2527 1200 2640 1284; x_wconf 77' lang='grc' dir='ltr'><strong><em>μὲν</em></strong></span> 
     </span>
     <span class='ocr_line' id='line_1_11' title="bbox 435 1283 2640 1398; baseline 0.001 -50"><span class='ocrx_word' id='word_1_94' title='bbox 435 1284 719 1364; x_wconf 85' lang='grc' dir='ltr'><strong><em>πλείονος</em></strong></span> <span class='ocrx_word' id='word_1_95' title='bbox 745 1288 1083 1398; x_wconf 84' lang='grc' dir='ltr'><strong><em>ἐφιέμενοι·</em></strong></span> <span class='ocrx_word' id='word_1_96' title='bbox 1127 1295 1214 1376; x_wconf 77' lang='grc' dir='ltr'>τῷ</span> <span class='ocrx_word' id='word_1_97' title='bbox 1237 1312 1304 1372; x_wconf 85' lang='grc' dir='ltr'><strong><em>γε</em></strong></span> <span class='ocrx_word' id='word_1_98' title='bbox 1329 1285 1451 1369; x_wconf 78' lang='grc' dir='ltr'>μὴν</span> <span class='ocrx_word' id='word_1_99' title='bbox 1480 1283 1730 1393; x_wconf 77' lang='grc' dir='ltr'><strong><em>ἆπορεῖν</em></strong></span> <span class='ocrx_word' id='word_1_100' title='bbox 1768 1290 2040 1395; x_wconf 82' lang='grc' dir='ltr'><strong><em>βιβλίων,</em></strong></span> <span class='ocrx_word' id='word_1_101' title='bbox 2086 1284 2500 1393; x_wconf 76' lang='grc' dir='ltr'><strong><em>ἐκκρουόμεθα</em></strong></span> <span class='ocrx_word' id='word_1_102' title='bbox 2527 1292 2640 1351; x_wconf 76' lang='grc' dir='ltr'>τοῦ</span> 
     </span>
     <span class='ocr_line' id='line_1_12' title="bbox 442 1354 2639 1478; baseline -0 -42"><span class='ocrx_word' id='word_1_103' title='bbox 442 1377 702 1436; x_wconf 78' lang='grc' dir='ltr'><strong><em>σκοπου.</em></strong></span> <span class='ocrx_word' id='word_1_104' title='bbox 748 1373 878 1436; x_wconf 72' lang='grc' dir='ltr'><strong><em>ἐπεὶ</em></strong></span> <span class='ocrx_word' id='word_1_105' title='bbox 915 1367 1029 1438; x_wconf 89' lang='grc' dir='ltr'>ουν</span> <span class='ocrx_word' id='word_1_106' title='bbox 1060 1354 1264 1478; x_wconf 79' lang='grc' dir='ltr'><strong><em>ἔγνως,</em></strong></span> <span class='ocrx_word' id='word_1_107' title='bbox 1311 1366 1364 1436; x_wconf 72' lang='lat' dir='ltr'>ai</span> <span class='ocrx_word' id='word_1_108' title='bbox 1393 1369 1716 1453; x_wconf 82' lang='grc' dir='ltr'><strong><em>θαυμασιε,</em></strong></span> <span class='ocrx_word' id='word_1_109' title='bbox 1744 1397 1819 1436; x_wconf 88' lang='grc' dir='ltr'>τα</span> <span class='ocrx_word' id='word_1_110' title='bbox 1843 1368 1978 1436; x_wconf 76' lang='grc' dir='ltr'><strong><em>κατ’</em></strong></span> <span class='ocrx_word' id='word_1_111' title='bbox 2007 1374 2080 1454; x_wconf 87' lang='grc' dir='ltr'>ἐμ</span> <span class='ocrx_word' id='word_1_112' title='bbox 2083 1371 2128 1447; x_wconf 72' lang='grc' dir='ltr'>ὲ,</span> <span class='ocrx_word' id='word_1_113' title='bbox 2171 1369 2340 1435; x_wconf 59' lang='lat' dir='ltr'>’mi&#39;</span> <span class='ocrx_word' id='word_1_114' title='bbox 2302 1397 2448 1437; x_wconf 87' lang='grc' dir='ltr'><strong><em>οτου</em></strong></span> <span class='ocrx_word' id='word_1_115' title='bbox 2481 1373 2639 1436; x_wconf 78' lang='grc' dir='ltr'><strong><em>δεοί-</em></strong></span> 
     </span>
    </p>
   </div>
   <div class='ocr_carea' id='block_1_5' title="bbox 433 1399 2728 1881">
    <p class='ocr_par' dir='ltr' id='par_1_5' title="bbox 433 1399 2728 1881">
     <span class='ocr_line' id='line_1_13' title="bbox 443 1399 2639 1540; baseline 0 -20"><span class='ocrx_word' id='word_1_116' title='bbox 443 1480 568 1538; x_wconf 86' lang='grc' dir='ltr'>μην</span> <span class='ocrx_word' id='word_1_117' title='bbox 599 1450 862 1539; x_wconf 72' lang='grc' dir='ltr'><strong><em>ἄκριβως</em></strong></span> <span class='ocrx_word' id='word_1_118' title='bbox 889 1455 1078 1523; x_wconf 81' lang='grc' dir='ltr'><strong><em>οἶσθα</em></strong></span> <span class='ocrx_word' id='word_1_119' title='bbox 1127 1454 1464 1538; x_wconf 80' lang='grc' dir='ltr'><strong><em>δήπουθεν.</em></strong></span> <span class='ocrx_word' id='word_1_120' title='bbox 1502 1455 1606 1521; x_wconf 83' lang='grc' dir='ltr'>σόν</span> <span class='ocrx_word' id='word_1_121' title='bbox 1633 1460 1844 1521; x_wconf 82' lang='grc' dir='ltr'><strong><em>τοίνυν</em></strong></span> <span class='ocrx_word' id='word_1_122' title='bbox 1876 1399 2080 1540; x_wconf 68' lang='grc' dir='ltr'><strong><em>ἔργονμ</em></strong></span> <span class='ocrx_word' id='word_1_123' title='bbox 2081 1455 2232 1540; x_wconf 62' lang='grc' dir='ltr'>τ’]’,δη</span> <span class='ocrx_word' id='word_1_124' title='bbox 2280 1483 2374 1521; x_wconf 86' lang='grc' dir='ltr'>οτι</span> <span class='ocrx_word' id='word_1_125' title='bbox 2402 1458 2509 1521; x_wconf 71' lang='grc' dir='ltr'><strong><em>καὶ</em></strong></span> <span class='ocrx_word' id='word_1_126' title='bbox 2531 1452 2639 1521; x_wconf 88' lang='grc' dir='ltr'>δυ-</span> 
     </span>
     <span class='ocr_line' id='line_1_14' title="bbox 442 1540 2728 1645; baseline 0 -40"><span class='ocrx_word' id='word_1_127' title='bbox 442 1565 583 1606; x_wconf 79' lang='grc' dir='ltr'><strong><em>ναιο</em></strong></span> <span class='ocrx_word' id='word_1_128' title='bbox 631 1544 890 1624; x_wconf 76' lang='grc' dir='ltr'><strong><em>βοηθεῖν</em></strong></span> <span class='ocrx_word' id='word_1_129' title='bbox 932 1540 1090 1607; x_wconf 72' lang='grc' dir='ltr'><strong><em>οὕτω</em></strong></span> <span class='ocrx_word' id='word_1_130' title='bbox 1117 1540 1325 1625; x_wconf 71' lang='grc' dir='ltr'><strong><em>πόρῤω</em></strong></span> <span class='ocrx_word' id='word_1_131' title='bbox 1346 1564 1414 1624; x_wconf 88' lang='grc' dir='ltr'><strong><em>γε</em></strong></span> <span class='ocrx_word' id='word_1_132' title='bbox 1437 1540 1771 1627; x_wconf 80' lang='grc' dir='ltr'><strong><em>ἱδρυμένω,</em></strong></span> <span class='ocrx_word' id='word_1_133' title='bbox 1815 1542 1942 1607; x_wconf 77' lang='grc' dir='ltr'><strong><em>ἐπεὶ</em></strong></span> <span class='ocrx_word' id='word_1_134' title='bbox 1979 1550 2106 1617; x_wconf 86' lang='grc' dir='ltr'><strong><em>τοῖς</em></strong></span> <span class='ocrx_word' id='word_1_135' title='bbox 2147 1565 2212 1605; x_wconf 88' lang='grc' dir='ltr'><strong><em>τε</em></strong></span> <span class='ocrx_word' id='word_1_136' title='bbox 2244 1540 2301 1628; x_wconf 78' lang='lat'>⁸)</span> <span class='ocrx_word' id='word_1_137' title='bbox 2338 1544 2635 1645; x_wconf 86' lang='grc' dir='ltr'><strong><em>συμπολί-</em></strong></span> <span class='ocrx_word' id='word_1_138' title='bbox 2719 1568 2728 1575; x_wconf 93' lang='grc'>·</span> 
     </span>
     <span class='ocr_line' id='line_1_15' title="bbox 439 1605 2636 1712; baseline 0 -23"><span class='ocrx_word' id='word_1_139' title='bbox 439 1650 573 1701; x_wconf 85' lang='grc' dir='ltr'><strong><em>ταις</em></strong></span> <span class='ocrx_word' id='word_1_140' title='bbox 631 1625 784 1708; x_wconf 76' lang='grc' dir='ltr'><strong><em>πρός</em></strong></span> <span class='ocrx_word' id='word_1_141' title='bbox 837 1625 1003 1692; x_wconf 75' lang='grc' dir='ltr'><strong><em>ἅπαν</em></strong></span> <span class='ocrx_word' id='word_1_142' title='bbox 1047 1624 1264 1709; x_wconf 82' lang='grc' dir='ltr'><strong><em>α’ρκεῖς.</em></strong></span> <span class='ocrx_word' id='word_1_143' title='bbox 1357 1605 1711 1707; x_wconf 70' lang='grc' dir='ltr'><strong><em>ἐρᾆμένος</em></strong></span> <span class='ocrx_word' id='word_1_144' title='bbox 1746 1624 2067 1712; x_wconf 73' lang='grc' dir='ltr'><strong><em>διαβιῶῃς,</em></strong></span> <span class='ocrx_word' id='word_1_145' title='bbox 2129 1625 2164 1692; x_wconf 79' lang='grc' dir='ltr'><strong><em>ὖ</em></strong></span> <span class='ocrx_word' id='word_1_146' title='bbox 2206 1632 2315 1706; x_wconf 79' lang='grc' dir='ltr'>τῆς</span> <span class='ocrx_word' id='word_1_147' title='bbox 2355 1623 2636 1701; x_wconf 74' lang='grc' dir='ltr'><strong><em>Ἑλλάδος</em></strong></span> 
     </span>
     <span class='ocr_line' id='line_1_16' title="bbox 436 1704 2634 1818; baseline 0.002 -45"><span class='ocrx_word' id='word_1_148' title='bbox 436 1704 764 1817; x_wconf 77' lang='grc' dir='ltr'><strong><em>ὄξυδοριιης</em></strong></span> <span class='ocrx_word' id='word_1_149' title='bbox 779 1709 840 1797; x_wconf 75' lang='lat'>⁴)</span> <span class='ocrx_word' id='word_1_150' title='bbox 865 1709 1193 1793; x_wconf 79' lang='grc' dir='ltr'><strong><em>ὀφθαλμὸς,</em></strong></span> <span class='ocrx_word' id='word_1_151' title='bbox 1229 1709 1524 1818; x_wconf 81' lang='grc' dir='ltr'><strong><em>ὁσημέραι</em></strong></span> <span class='ocrx_word' id='word_1_152' title='bbox 1538 1719 1667 1786; x_wconf 91' lang='grc' dir='ltr'><strong><em>τοῖς</em></strong></span> <span class='ocrx_word' id='word_1_153' title='bbox 1697 1711 2100 1817; x_wconf 81' lang='grc' dir='ltr'><strong><em>υψηλοτέροις</em></strong></span> <span class='ocrx_word' id='word_1_154' title='bbox 2127 1714 2497 1797; x_wconf 80' lang='grc' dir='ltr'><strong><em>προβαίνων,</em></strong></span> <span class='ocrx_word' id='word_1_155' title='bbox 2528 1712 2634 1777; x_wconf 71' lang='grc' dir='ltr'><strong><em>καὶ</em></strong></span> 
     </span>
     <span class='ocr_line' id='line_1_17' title="bbox 433 1793 2007 1881; baseline 0.003 -23"><span class='ocrx_word' id='word_1_156' title='bbox 433 1818 578 1872; x_wconf 84' lang='grc' dir='ltr'><strong><em>τους</em></strong></span> <span class='ocrx_word' id='word_1_157' title='bbox 604 1819 764 1859; x_wconf 82' lang='grc' dir='ltr'><strong><em>κατω</em></strong></span> <span class='ocrx_word' id='word_1_158' title='bbox 793 1797 1108 1881; x_wconf 78' lang='grc' dir='ltr'><strong><em>κειμένους</em></strong></span> <span class='ocrx_word' id='word_1_159' title='bbox 1129 1794 1279 1881; x_wconf 73' lang='grc' dir='ltr'><strong><em>πρὸς</em></strong></span> <span class='ocrx_word' id='word_1_160' title='bbox 1312 1793 1567 1861; x_wconf 90' lang='grc' dir='ltr'><strong><em>σεαυτον</em></strong></span> <span class='ocrx_word' id='word_1_161' title='bbox 1595 1793 2007 1881; x_wconf 76' lang='grc' dir='ltr'><strong><em>ἐφελκόμενος.</em></strong></span> 
     </span>
    </p>
   </div>
   <div class='ocr_carea' id='block_1_6' title="bbox 538 1944 2524 2039">
    <p class='ocr_par' dir='ltr' id='par_1_6' title="bbox 538 1944 2524 2039">
     <span class='ocr_line' id='line_1_18' title="bbox 538 1944 2524 2039; baseline -0.001 -26"><span class='ocrx_word' id='word_1_162' title='bbox 538 1944 875 2037; x_wconf 75' lang='lat' dir='ltr'>Georgius</span> <span class='ocrx_word' id='word_1_163' title='bbox 915 1949 1248 2038; x_wconf 79' lang='lat' dir='ltr'>Lapithes</span> <span class='ocrx_word' id='word_1_164' title='bbox 1287 1947 1672 2039; x_wconf 72' lang='lat' dir='ltr'>Nicephoro</span> <span class='ocrx_word' id='word_1_165' title='bbox 1719 1948 2116 2039; x_wconf 79' lang='lat' dir='ltr'>Gregorae·</span> <span class='ocrx_word' id='word_1_166' title='bbox 2092 1996 2113 2029; x_wconf 87' lang='lat'>‚</span> <span class='ocrx_word' id='word_1_167' title='bbox 2158 1972 2241 2017; x_wconf 75' lang='lat' dir='ltr'>ex</span> <span class='ocrx_word' id='word_1_168' title='bbox 2284 1947 2524 2037; x_wconf 79' lang='lat' dir='ltr'>Cypro.</span> 
     </span>
    </p>
   </div>
   <div class='ocr_carea' id='block_1_7' title="bbox 405 2067 2631 4280">
    <p class='ocr_par' dir='ltr' id='par_1_7' title="bbox 405 2067 2631 4280">
     <span class='ocr_line' id='line_1_19' title="bbox 598 2067 2629 2153; baseline -0 -25"><span class='ocrx_word' id='word_1_169' title='bbox 598 2067 788 2129; x_wconf 81' lang='lat' dir='ltr'>Aiunt</span> <span class='ocrx_word' id='word_1_170' title='bbox 815 2069 1054 2151; x_wconf 84' lang='lat' dir='ltr'>physici</span> <span class='ocrx_word' id='word_1_171' title='bbox 1098 2091 1422 2153; x_wconf 86' lang='lat' dir='ltr'>corporum</span> <span class='ocrx_word' id='word_1_172' title='bbox 1465 2072 1883 2153; x_wconf 71' lang='lat' dir='ltr'>impressiones</span> <span class='ocrx_word' id='word_1_173' title='bbox 1930 2091 2001 2132; x_wconf 89' lang='lat' dir='ltr'>eo</span> <span class='ocrx_word' id='word_1_174' title='bbox 2030 2071 2285 2132; x_wconf 88' lang='lat' dir='ltr'>ulterius</span> <span class='ocrx_word' id='word_1_175' title='bbox 2325 2067 2629 2150; x_wconf 76' lang='lat' dir='ltr'>progredi,</span> 
     </span>
     <span class='ocr_line' id='line_1_20' title="bbox 427 2153 2626 2237; baseline 0 -25"><span class='ocrx_word' id='word_1_176' title='bbox 427 2173 552 2233; x_wconf 88' lang='lat' dir='ltr'>quo</span> <span class='ocrx_word' id='word_1_177' title='bbox 601 2173 702 2231; x_wconf 89' lang='lat' dir='ltr'>ea,</span> <span class='ocrx_word' id='word_1_178' title='bbox 749 2176 899 2235; x_wconf 86' lang='lat' dir='ltr'>quae</span> <span class='ocrx_word' id='word_1_179' title='bbox 943 2157 1072 2217; x_wconf 82' lang='lat' dir='ltr'>vim</span> <span class='ocrx_word' id='word_1_180' title='bbox 1123 2158 1505 2237; x_wconf 80' lang='lat' dir='ltr'>imprimunt,</span> <span class='ocrx_word' id='word_1_181' title='bbox 1549 2157 1832 2218; x_wconf 88' lang='lat' dir='ltr'>maiorem</span> <span class='ocrx_word' id='word_1_182' title='bbox 1876 2156 1942 2215; x_wconf 85' lang='lat' dir='ltr'>in</span> <span class='ocrx_word' id='word_1_183' title='bbox 1974 2178 2038 2217; x_wconf 86' lang='lat' dir='ltr'>se</span> <span class='ocrx_word' id='word_1_184' title='bbox 2061 2158 2348 2218; x_wconf 85' lang='lat' dir='ltr'>virtutem</span> <span class='ocrx_word' id='word_1_185' title='bbox 2383 2153 2626 2216; x_wconf 87' lang='lat' dir='ltr'>habent.</span> 
     </span>
     <span class='ocr_line' id='line_1_21' title="bbox 425 2236 2631 2323; baseline 0.001 -26"><span class='ocrx_word' id='word_1_186' title='bbox 425 2237 638 2318; x_wconf 82' lang='lat' dir='ltr'>ltaque</span> <span class='ocrx_word' id='word_1_187' title='bbox 678 2240 767 2299; x_wconf 88' lang='lat' dir='ltr'>nil</span> <span class='ocrx_word' id='word_1_188' title='bbox 802 2243 1018 2301; x_wconf 88' lang='lat' dir='ltr'>mirum</span> <span class='ocrx_word' id='word_1_189' title='bbox 1050 2239 1111 2323; x_wconf 90' lang='lat' dir='ltr'>(o</span> <span class='ocrx_word' id='word_1_190' title='bbox 1140 2241 1317 2320; x_wconf 82' lang='lat' dir='ltr'>mihi,</span> <span class='ocrx_word' id='word_1_191' title='bbox 1369 2242 1544 2302; x_wconf 85' lang='lat' dir='ltr'>etiam</span> <span class='ocrx_word' id='word_1_192' title='bbox 1581 2243 1761 2302; x_wconf 88' lang='lat' dir='ltr'>istinc</span> <span class='ocrx_word' id='word_1_193' title='bbox 1792 2242 2044 2322; x_wconf 87' lang='lat' dir='ltr'>procul,</span> <span class='ocrx_word' id='word_1_194' title='bbox 2085 2241 2370 2301; x_wconf 86' lang='lat' dir='ltr'>dilectum</span> <span class='ocrx_word' id='word_1_195' title='bbox 2404 2236 2631 2321; x_wconf 82' lang='lat' dir='ltr'>caput),</span> 
     </span>
     <span class='ocr_line' id='line_1_22' title="bbox 425 2324 2627 2405; baseline 0.001 -23"><span class='ocrx_word' id='word_1_196' title='bbox 425 2324 591 2402; x_wconf 84' lang='lat' dir='ltr'>quod</span> <span class='ocrx_word' id='word_1_197' title='bbox 622 2344 761 2383; x_wconf 86' lang='lat' dir='ltr'>oum</span> <span class='ocrx_word' id='word_1_198' title='bbox 784 2333 988 2386; x_wconf 86' lang='lat' dir='ltr'>tantus</span> <span class='ocrx_word' id='word_1_199' title='bbox 1017 2326 1147 2405; x_wconf 86' lang='lat' dir='ltr'>ipse</span> <span class='ocrx_word' id='word_1_200' title='bbox 1174 2326 1273 2401; x_wconf 84' lang='lat' dir='ltr'>sis,</span> <span class='ocrx_word' id='word_1_201' title='bbox 1317 2327 1457 2385; x_wconf 88' lang='lat' dir='ltr'>inde</span> <span class='ocrx_word' id='word_1_202' title='bbox 1482 2346 1669 2405; x_wconf 89' lang='lat' dir='ltr'>usque</span> <span class='ocrx_word' id='word_1_203' title='bbox 1691 2348 1801 2385; x_wconf 88' lang='lat' dir='ltr'>nos</span> <span class='ocrx_word' id='word_1_204' title='bbox 1831 2326 2099 2385; x_wconf 77' lang='lat' dir='ltr'>irradies.</span> <span class='ocrx_word' id='word_1_205' title='bbox 2163 2325 2422 2384; x_wconf 86' lang='lat' dir='ltr'>Etenim</span> <span class='ocrx_word' id='word_1_206' title='bbox 2453 2327 2627 2401; x_wconf 82' lang='lat' dir='ltr'>fama,</span> 
     </span>
     <span class='ocr_line' id='line_1_23' title="bbox 425 2410 2630 2491; baseline 0.001 -24"><span class='ocrx_word' id='word_1_207' title='bbox 425 2427 607 2487; x_wconf 89' lang='lat' dir='ltr'>quam</span> <span class='ocrx_word' id='word_1_208' title='bbox 646 2415 860 2489; x_wconf 70' lang='lat' dir='ltr'>poetae</span> <span class='ocrx_word' id='word_1_209' title='bbox 899 2411 1076 2470; x_wconf 84' lang='lat' dir='ltr'>Deam</span> <span class='ocrx_word' id='word_1_210' title='bbox 1118 2410 1385 2489; x_wconf 85' lang='lat' dir='ltr'>fingunt,</span> <span class='ocrx_word' id='word_1_211' title='bbox 1430 2411 1591 2471; x_wconf 85' lang='lat' dir='ltr'>ultra</span> <span class='ocrx_word' id='word_1_212' title='bbox 1621 2431 1730 2472; x_wconf 88' lang='lat' dir='ltr'>nos</span> <span class='ocrx_word' id='word_1_213' title='bbox 1758 2429 1995 2491; x_wconf 89' lang='lat' dir='ltr'>quoque</span> <span class='ocrx_word' id='word_1_214' title='bbox 2040 2419 2292 2469; x_wconf 85' lang='lat' dir='ltr'>conatur</span> <span class='ocrx_word' id='word_1_215' title='bbox 2317 2418 2377 2470; x_wconf 91' lang='lat' dir='ltr'>te</span> <span class='ocrx_word' id='word_1_216' title='bbox 2401 2430 2630 2490; x_wconf 83' lang='lat' dir='ltr'>prove-</span> 
     </span>
     <span class='ocr_line' id='line_1_24' title="bbox 419 2490 2628 2577; baseline 0.002 -25"><span class='ocrx_word' id='word_1_217' title='bbox 419 2490 601 2568; x_wconf 75' lang='lat' dir='ltr'>het-03</span> <span class='ocrx_word' id='word_1_218' title='bbox 646 2515 719 2552; x_wconf 89' lang='lat' dir='ltr'>ac</span> <span class='ocrx_word' id='word_1_219' title='bbox 743 2495 807 2554; x_wconf 89' lang='lat' dir='ltr'>in</span> <span class='ocrx_word' id='word_1_220' title='bbox 835 2494 1023 2573; x_wconf 81' lang='lat' dir='ltr'>ipsam</span> <span class='ocrx_word' id='word_1_221' title='bbox 1050 2494 1279 2554; x_wconf 87' lang='lat' dir='ltr'>Indiam</span> <span class='ocrx_word' id='word_1_222' title='bbox 1314 2505 1685 2575; x_wconf 87' lang='lat' dir='ltr'>penetraret,</span> <span class='ocrx_word' id='word_1_223' title='bbox 1728 2496 1844 2555; x_wconf 85' lang='lat' dir='ltr'>nisi</span> <span class='ocrx_word' id='word_1_224' title='bbox 1875 2516 2016 2573; x_wconf 85' lang='lat' dir='ltr'>gens</span> <span class='ocrx_word' id='word_1_225' title='bbox 2045 2494 2294 2554; x_wconf 88' lang='lat' dir='ltr'>barbara</span> <span class='ocrx_word' id='word_1_226' title='bbox 2332 2495 2628 2577; x_wconf 87' lang='lat' dir='ltr'>importu-</span> 
     </span>
     <span class='ocr_line' id='line_1_25' title="bbox 421 2577 2628 2659; baseline 0.003 -24"><span class='ocrx_word' id='word_1_227' title='bbox 421 2577 612 2636; x_wconf 85' lang='lat' dir='ltr'>nitate</span> <span class='ocrx_word' id='word_1_228' title='bbox 658 2598 765 2638; x_wconf 90' lang='lat' dir='ltr'>sua</span> <span class='ocrx_word' id='word_1_229' title='bbox 802 2579 964 2640; x_wconf 88' lang='lat' dir='ltr'>illius</span> <span class='ocrx_word' id='word_1_230' title='bbox 1005 2599 1181 2640; x_wconf 81' lang='lat' dir='ltr'>voces</span> <span class='ocrx_word' id='word_1_231' title='bbox 1227 2581 1527 2659; x_wconf 85' lang='lat' dir='ltr'>frangeret</span> <span class='ocrx_word' id='word_1_232' title='bbox 1566 2600 1637 2639; x_wconf 86' lang='lat' dir='ltr'>ac</span> <span class='ocrx_word' id='word_1_233' title='bbox 1680 2581 2043 2640; x_wconf 88' lang='lat' dir='ltr'>retunderet.</span> <span class='ocrx_word' id='word_1_234' title='bbox 2132 2580 2314 2640; x_wconf 84' lang='lat' dir='ltr'>Porro</span> <span class='ocrx_word' id='word_1_235' title='bbox 2361 2591 2421 2641; x_wconf 91' lang='lat' dir='ltr'>te</span> <span class='ocrx_word' id='word_1_236' title='bbox 2448 2583 2628 2658; x_wconf 85' lang='lat' dir='ltr'>sama,</span> 
     </span>
     <span class='ocr_line' id='line_1_26' title="bbox 420 2628 2628 2760; baseline 0.002 -39"><span class='ocrx_word' id='word_1_237' title='bbox 420 2661 523 2721; x_wconf 78' lang='lat' dir='ltr'>vir</span> <span class='ocrx_word' id='word_1_238' title='bbox 545 2665 814 2760; x_wconf 37' lang='lat' dir='ltr'>‘optime‚</span> <span class='ocrx_word' id='word_1_239' title='bbox 859 2674 1137 2724; x_wconf 88' lang='lat' dir='ltr'>accurata</span> <span class='ocrx_word' id='word_1_240' title='bbox 1178 2664 1702 2742; x_wconf 88' lang='lat' dir='ltr'>grammaticorum</span> <span class='ocrx_word' id='word_1_241' title='bbox 1744 2675 1869 2724; x_wconf 88' lang='lat' dir='ltr'>arte</span> <span class='ocrx_word' id='word_1_242' title='bbox 1912 2673 2340 2746; x_wconf 76' lang='lat' dir='ltr'>praestantem,</span> <span class='ocrx_word' id='word_1_243' title='bbox 2385 2628 2628 2725; x_wconf 79' lang='lat' dir='ltr'>dicendi</span> 
     </span>
     <span class='ocr_line' id='line_1_27' title="bbox 423 2746 2626 2848; baseline 0.002 -43"><span class='ocrx_word' id='word_1_244' title='bbox 423 2746 597 2826; x_wconf 85' lang='lat' dir='ltr'>copia</span> <span class='ocrx_word' id='word_1_245' title='bbox 652 2757 713 2807; x_wconf 90' lang='lat' dir='ltr'>et</span> <span class='ocrx_word' id='word_1_246' title='bbox 751 2749 1039 2848; x_wconf 80' lang='lat' dir='ltr'>elegantia</span> <span class='ocrx_word' id='word_1_247' title='bbox 1084 2751 1578 2829; x_wconf 84' lang='lat' dir='ltr'>praestantiorem</span> <span class='ocrx_word' id='word_1_248' title='bbox 1622 2752 1810 2810; x_wconf 89' lang='lat' dir='ltr'>canit.</span> <span class='ocrx_word' id='word_1_249' title='bbox 1857 2751 1921 2810; x_wconf 89' lang='lat' dir='ltr'>in</span> <span class='ocrx_word' id='word_1_250' title='bbox 1958 2750 2288 2810; x_wconf 81' lang='lat' dir='ltr'>dialecticis</span> <span class='ocrx_word' id='word_1_251' title='bbox 2323 2751 2626 2830; x_wconf 88' lang='lat' dir='ltr'>captioni-</span> 
     </span>
     <span class='ocr_line' id='line_1_28' title="bbox 423 2830 2625 2915; baseline 0.003 -25"><span class='ocrx_word' id='word_1_252' title='bbox 423 2830 533 2891; x_wconf 85' lang='lat' dir='ltr'>bus</span> <span class='ocrx_word' id='word_1_253' title='bbox 579 2841 640 2891; x_wconf 90' lang='lat' dir='ltr'>et</span> <span class='ocrx_word' id='word_1_254' title='bbox 682 2834 927 2911; x_wconf 86' lang='lat' dir='ltr'>argutiis</span> <span class='ocrx_word' id='word_1_255' title='bbox 974 2832 1350 2915; x_wconf 86' lang='lat' dir='ltr'>(artificiosas</span> <span class='ocrx_word' id='word_1_256' title='bbox 1382 2835 1521 2894; x_wconf 87' lang='lat' dir='ltr'>dico</span> <span class='ocrx_word' id='word_1_257' title='bbox 1549 2836 2123 2913; x_wconf 71' lang='lat' dir='ltr'>argumentationes,</span> <span class='ocrx_word' id='word_1_258' title='bbox 2170 2855 2317 2914; x_wconf 90' lang='lat' dir='ltr'>quas</span> <span class='ocrx_word' id='word_1_259' title='bbox 2346 2835 2625 2914; x_wconf 86' lang='lat' dir='ltr'>ingenio-</span> 
     </span>
     <span class='ocr_line' id='line_1_29' title="bbox 422 2915 2625 2999; baseline 0.003 -24"><span class='ocrx_word' id='word_1_260' title='bbox 422 2936 527 2977; x_wconf 85' lang='lat' dir='ltr'>sus</span> <span class='ocrx_word' id='word_1_261' title='bbox 569 2915 918 2980; x_wconf 83' lang='lat' dir='ltr'>Aristoteles</span> <span class='ocrx_word' id='word_1_262' title='bbox 959 2929 1153 2981; x_wconf 86' lang='lat' dir='ltr'>rectas</span> <span class='ocrx_word' id='word_1_263' title='bbox 1189 2929 1249 2980; x_wconf 93' lang='lat' dir='ltr'>et</span> <span class='ocrx_word' id='word_1_264' title='bbox 1281 2918 1379 2979; x_wconf 89' lang='lat' dir='ltr'>his</span> <span class='ocrx_word' id='word_1_265' title='bbox 1431 2920 1698 2980; x_wconf 84' lang='lat' dir='ltr'>diversas</span> <span class='ocrx_word' id='word_1_266' title='bbox 1731 2930 1900 2980; x_wconf 89' lang='lat' dir='ltr'>acute</span> <span class='ocrx_word' id='word_1_267' title='bbox 1934 2919 2329 2999; x_wconf 83' lang='lat' dir='ltr'>excogitavit,</span> <span class='ocrx_word' id='word_1_268' title='bbox 2373 2930 2512 2993; x_wconf 86' lang='lat' dir='ltr'>aut,</span> <span class='ocrx_word' id='word_1_269' title='bbox 2552 2931 2625 2981; x_wconf 88' lang='lat' dir='ltr'>ut</span> 
     </span>
     <span class='ocr_line' id='line_1_30' title="bbox 417 3001 2622 3085; baseline 0.001 -22"><span class='ocrx_word' id='word_1_270' title='bbox 417 3001 626 3063; x_wconf 79' lang='lat' dir='ltr'>verius</span> <span class='ocrx_word' id='word_1_271' title='bbox 676 3003 908 3082; x_wconf 84' lang='lat' dir='ltr'>dicam,</span> <span class='ocrx_word' id='word_1_272' title='bbox 954 3006 1258 3085; x_wconf 86' lang='lat' dir='ltr'>profundo</span> <span class='ocrx_word' id='word_1_273' title='bbox 1296 3014 1542 3064; x_wconf 87' lang='lat' dir='ltr'>naturae</span> <span class='ocrx_word' id='word_1_274' title='bbox 1585 3006 1728 3065; x_wconf 86' lang='lat' dir='ltr'>sinu</span> <span class='ocrx_word' id='word_1_275' title='bbox 1760 3004 1989 3066; x_wconf 87' lang='lat' dir='ltr'>abditas</span> <span class='ocrx_word' id='word_1_276' title='bbox 2032 3001 2415 3084; x_wconf 68' lang='lat' dir='ltr'>investigavit</span> <span class='ocrx_word' id='word_1_277' title='bbox 2458 3014 2518 3065; x_wconf 91' lang='lat' dir='ltr'>et</span> <span class='ocrx_word' id='word_1_278' title='bbox 2557 3006 2622 3065; x_wconf 85' lang='lat' dir='ltr'>in</span> 
     </span>
     <span class='ocr_line' id='line_1_31' title="bbox 420 3087 2622 3173; baseline 0.001 -27"><span class='ocrx_word' id='word_1_279' title='bbox 420 3097 695 3169; x_wconf 89' lang='lat' dir='ltr'>apertum</span> <span class='ocrx_word' id='word_1_280' title='bbox 725 3087 1040 3173; x_wconf 88' lang='lat' dir='ltr'>protulit),</span> <span class='ocrx_word' id='word_1_281' title='bbox 1083 3091 1146 3150; x_wconf 89' lang='lat' dir='ltr'>in</span> <span class='ocrx_word' id='word_1_282' title='bbox 1174 3087 1522 3168; x_wconf 68' lang='lat' dir='ltr'>iis&#39;inquam</span> <span class='ocrx_word' id='word_1_283' title='bbox 1554 3091 1709 3150; x_wconf 84' lang='lat' dir='ltr'>fama</span> <span class='ocrx_word' id='word_1_284' title='bbox 1742 3099 1802 3149; x_wconf 91' lang='lat' dir='ltr'>te</span> <span class='ocrx_word' id='word_1_285' title='bbox 1832 3111 1954 3150; x_wconf 89' lang='lat' dir='ltr'>non</span> <span class='ocrx_word' id='word_1_286' title='bbox 1982 3089 2342 3150; x_wconf 84' lang='lat' dir='ltr'>mediocrem</span> <span class='ocrx_word' id='word_1_287' title='bbox 2376 3090 2622 3170; x_wconf 87' lang='lat' dir='ltr'>praedi-</span> 
     </span>
     <span class='ocr_line' id='line_1_32' title="bbox 419 3169 2619 3261; baseline 0.001 -29"><span class='ocrx_word' id='word_1_288' title='bbox 419 3183 537 3232; x_wconf 84' lang='lat' dir='ltr'>cat.</span> <span class='ocrx_word' id='word_1_289' title='bbox 622 3174 886 3234; x_wconf 84' lang='lat' dir='ltr'>Eadem</span> <span class='ocrx_word' id='word_1_290' title='bbox 866 3197 933 3235; x_wconf 87' lang='lat' dir='ltr'>m</span> <span class='ocrx_word' id='word_1_291' title='bbox 980 3175 1407 3254; x_wconf 83' lang='lat' dir='ltr'>cognoscendis</span> <span class='ocrx_word' id='word_1_292' title='bbox 1431 3176 1612 3236; x_wconf 87' lang='lat' dir='ltr'>rebus</span> <span class='ocrx_word' id='word_1_293' title='bbox 1641 3175 2047 3252; x_wconf 85' lang='lat' dir='ltr'>naturalibus,</span> <span class='ocrx_word' id='word_1_294' title='bbox 2092 3184 2152 3234; x_wconf 93' lang='lat' dir='ltr'>et</span> <span class='ocrx_word' id='word_1_295' title='bbox 2184 3170 2376 3256; x_wconf 89' lang='lat' dir='ltr'>(quod</span> <span class='ocrx_word' id='word_1_296' title='bbox 2403 3169 2619 3261; x_wconf 85' lang='lat' dir='ltr'>maius)</span> 
     </span>
     <span class='ocr_line' id='line_1_33' title="bbox 417 3255 2620 3361; baseline 0.002 -45"><span class='ocrx_word' id='word_1_297' title='bbox 417 3255 486 3317; x_wconf 86' lang='lat' dir='ltr'>in</span> <span class='ocrx_word' id='word_1_298' title='bbox 515 3277 585 3316; x_wconf 87' lang='lat' dir='ltr'>eo</span> <span class='ocrx_word' id='word_1_299' title='bbox 626 3258 791 3338; x_wconf 87' lang='lat' dir='ltr'>quod</span> <span class='ocrx_word' id='word_1_300' title='bbox 823 3269 939 3330; x_wconf 86' lang='lat' dir='ltr'>est,</span> <span class='ocrx_word' id='word_1_301' title='bbox 988 3270 1275 3340; x_wconf 84' lang='lat' dir='ltr'>quatenus</span> <span class='ocrx_word' id='word_1_302' title='bbox 1305 3270 1425 3336; x_wconf 90' lang='lat' dir='ltr'>est,</span> <span class='ocrx_word' id='word_1_303' title='bbox 1471 3261 1933 3361; x_wconf 78' lang='lat' dir='ltr'>contemplando</span> <span class='ocrx_word' id='word_1_304' title='bbox 1968 3271 2028 3320; x_wconf 91' lang='lat' dir='ltr'>et</span> <span class='ocrx_word' id='word_1_305' title='bbox 2060 3257 2620 3340; x_wconf 85' lang='lat' dir='ltr'>comprehendendo</span> 
     </span>
     <span class='ocr_line' id='line_1_34' title="bbox 417 3343 2622 3426; baseline 0.002 -25"><span class='ocrx_word' id='word_1_306' title='bbox 417 3362 684 3420; x_wconf 83' lang='lat' dir='ltr'>sagacem</span> <span class='ocrx_word' id='word_1_307' title='bbox 732 3343 980 3404; x_wconf 86' lang='lat' dir='ltr'>clamat:</span> <span class='ocrx_word' id='word_1_308' title='bbox 1025 3346 1317 3425; x_wconf 86' lang='lat' dir='ltr'>denique,</span> <span class='ocrx_word' id='word_1_309' title='bbox 1360 3346 1530 3405; x_wconf 85' lang='lat' dir='ltr'>velut</span> <span class='ocrx_word' id='word_1_310' title='bbox 1575 3346 2000 3426; x_wconf 82' lang='lat' dir='ltr'>pretiosissima</span> <span class='ocrx_word' id='word_1_311' title='bbox 2050 3365 2312 3422; x_wconf 87' lang='lat' dir='ltr'>corona,</span> <span class='ocrx_word' id='word_1_312' title='bbox 2354 3345 2622 3406; x_wconf 86' lang='lat' dir='ltr'>scientiis</span> 
     </span>
     <span class='ocr_line' id='line_1_35' title="bbox 414 3425 2620 3511; baseline 0.002 -25"><span class='ocrx_word' id='word_1_313' title='bbox 414 3435 595 3486; x_wconf 85' lang='lat' dir='ltr'>ornat</span> <span class='ocrx_word' id='word_1_314' title='bbox 637 3425 1101 3506; x_wconf 78' lang='lat' dir='ltr'>mathematicis3</span> <span class='ocrx_word' id='word_1_315' title='bbox 1144 3448 1209 3488; x_wconf 90' lang='lat' dir='ltr'>ea</span> <span class='ocrx_word' id='word_1_316' title='bbox 1251 3431 1635 3510; x_wconf 87' lang='lat' dir='ltr'>praesertim,</span> <span class='ocrx_word' id='word_1_317' title='bbox 1681 3451 1830 3511; x_wconf 88' lang='lat' dir='ltr'>quae</span> <span class='ocrx_word' id='word_1_318' title='bbox 1868 3441 1956 3491; x_wconf 89' lang='lat' dir='ltr'>est</span> <span class='ocrx_word' id='word_1_319' title='bbox 1992 3430 2262 3489; x_wconf 89' lang='lat' dir='ltr'>omnium</span> <span class='ocrx_word' id='word_1_320' title='bbox 2286 3450 2468 3509; x_wconf 82' lang='lat' dir='ltr'>apex,</span> <span class='ocrx_word' id='word_1_321' title='bbox 2513 3430 2620 3490; x_wconf 84' lang='lat' dir='ltr'>in·-</span> 
     </span>
     <span class='ocr_line' id='line_1_36' title="bbox 413 3513 2617 3613; baseline 0.002 -43"><span class='ocrx_word' id='word_1_322' title='bbox 413 3519 579 3572; x_wconf 86' lang='lat' dir='ltr'>tenta</span> <span class='ocrx_word' id='word_1_323' title='bbox 621 3531 834 3593; x_wconf 88' lang='lat' dir='ltr'>nempe</span> <span class='ocrx_word' id='word_1_324' title='bbox 875 3513 1246 3594; x_wconf 84' lang='lat' dir='ltr'>explicandis</span> <span class='ocrx_word' id='word_1_325' title='bbox 1285 3516 1544 3575; x_wconf 88' lang='lat' dir='ltr'>motibus</span> <span class='ocrx_word' id='word_1_326' title='bbox 1585 3524 1647 3576; x_wconf 89' lang='lat' dir='ltr'>et</span> <span class='ocrx_word' id='word_1_327' title='bbox 1690 3516 2018 3576; x_wconf 82' lang='lat' dir='ltr'>virtutibus</span> <span class='ocrx_word' id='word_1_328' title='bbox 2050 3535 2370 3613; x_wconf 73' lang='lat' dir='ltr'>corporum</span> <span class='ocrx_word' id='word_1_329' title='bbox 2397 3535 2617 3596; x_wconf 86' lang='lat' dir='ltr'>perpe-</span> 
     </span>
     <span class='ocr_line' id='line_1_37' title="bbox 412 3598 2616 3680; baseline 0.002 -24"><span class='ocrx_word' id='word_1_330' title='bbox 412 3604 524 3657; x_wconf 87' lang='lat' dir='ltr'>tuo</span> <span class='ocrx_word' id='word_1_331' title='bbox 561 3606 733 3658; x_wconf 90' lang='lat' dir='ltr'>motu</span> <span class='ocrx_word' id='word_1_332' title='bbox 768 3598 1142 3678; x_wconf 79' lang='lat' dir='ltr'>agitatorum.</span> <span class='ocrx_word' id='word_1_333' title='bbox 1227 3598 1390 3658; x_wconf 87' lang='lat' dir='ltr'>Haec</span> <span class='ocrx_word' id='word_1_334' title='bbox 1412 3599 1486 3659; x_wconf 86' lang='lat' dir='ltr'>de</span> <span class='ocrx_word' id='word_1_335' title='bbox 1516 3608 1577 3660; x_wconf 86' lang='lat' dir='ltr'>te</span> <span class='ocrx_word' id='word_1_336' title='bbox 1614 3600 1857 3680; x_wconf 87' lang='lat' dir='ltr'>quidem</span> <span class='ocrx_word' id='word_1_337' title='bbox 1883 3603 2073 3676; x_wconf 84' lang='lat' dir='ltr'>sama,</span> <span class='ocrx_word' id='word_1_338' title='bbox 2114 3600 2214 3659; x_wconf 90' lang='lat' dir='ltr'>cui</span> <span class='ocrx_word' id='word_1_339' title='bbox 2247 3601 2337 3659; x_wconf 85' lang='lat' dir='ltr'>fas</span> <span class='ocrx_word' id='word_1_340' title='bbox 2374 3601 2616 3661; x_wconf 88' lang='lat' dir='ltr'>credere</span> 
     </span>
     <span class='ocr_line' id='line_1_38' title="bbox 412 3683 2619 3765; baseline 0.002 -24"><span class='ocrx_word' id='word_1_341' title='bbox 412 3691 519 3742; x_wconf 82' lang='lat' dir='ltr'>est.</span> <span class='ocrx_word' id='word_1_342' title='bbox 604 3684 687 3744; x_wconf 79' lang='lat' dir='ltr'>At</span> <span class='ocrx_word' id='word_1_343' title='bbox 712 3693 806 3756; x_wconf 87' lang='lat' dir='ltr'>tu,</span> <span class='ocrx_word' id='word_1_344' title='bbox 846 3684 945 3746; x_wconf 79' lang='lat' dir='ltr'>vir</span> <span class='ocrx_word' id='word_1_345' title='bbox 973 3683 1339 3756; x_wconf 84' lang='lat' dir='ltr'>admirande,</span> <span class='ocrx_word' id='word_1_346' title='bbox 1382 3685 1620 3765; x_wconf 86' lang='lat' dir='ltr'>quando</span> <span class='ocrx_word' id='word_1_347' title='bbox 1646 3685 1898 3746; x_wconf 86' lang='lat' dir='ltr'>effecisti</span> <span class='ocrx_word' id='word_1_348' title='bbox 1922 3696 1994 3745; x_wconf 93' lang='lat' dir='ltr'>ut</span> <span class='ocrx_word' id='word_1_349' title='bbox 2021 3705 2187 3744; x_wconf 87' lang='lat' dir='ltr'>mens</span> <span class='ocrx_word' id='word_1_350' title='bbox 2211 3694 2316 3743; x_wconf 88' lang='lat' dir='ltr'>tua</span> <span class='ocrx_word' id='word_1_351' title='bbox 2347 3685 2466 3744; x_wconf 87' lang='lat' dir='ltr'>toti</span> <span class='ocrx_word' id='word_1_352' title='bbox 2486 3686 2619 3745; x_wconf 87' lang='lat' dir='ltr'>Mu-</span> 
     </span>
     <span class='ocr_line' id='line_1_39' title="bbox 410 3767 2615 3850; baseline 0.002 -24"><span class='ocrx_word' id='word_1_353' title='bbox 410 3786 617 3829; x_wconf 86' lang='lat' dir='ltr'>sarum</span> <span class='ocrx_word' id='word_1_354' title='bbox 669 3767 854 3830; x_wconf 86' lang='lat' dir='ltr'>choro</span> <span class='ocrx_word' id='word_1_355' title='bbox 899 3769 1069 3830; x_wconf 81' lang='lat' dir='ltr'>velut</span> <span class='ocrx_word' id='word_1_356' title='bbox 1100 3769 1395 3850; x_wconf 88' lang='lat' dir='ltr'>templum</span> <span class='ocrx_word' id='word_1_357' title='bbox 1429 3780 1692 3850; x_wconf 85' lang='lat' dir='ltr'>pateret,</span> <span class='ocrx_word' id='word_1_358' title='bbox 1740 3770 2201 3850; x_wconf 87' lang='lat' dir='ltr'>cogitationibus</span> <span class='ocrx_word' id='word_1_359' title='bbox 2241 3768 2362 3829; x_wconf 87' lang='lat' dir='ltr'>tuis</span> <span class='ocrx_word' id='word_1_360' title='bbox 2388 3771 2615 3848; x_wconf 87' lang='lat' dir='ltr'>beatus,</span> 
     </span>
     <span class='ocr_line' id='line_1_40' title="bbox 405 3851 2617 3935; baseline 0.001 -23"><span class='ocrx_word' id='word_1_361' title='bbox 405 3851 590 3913; x_wconf 79' lang='lat' dir='ltr'>habes</span> <span class='ocrx_word' id='word_1_362' title='bbox 631 3854 796 3914; x_wconf 85' lang='lat' dir='ltr'>unde</span> <span class='ocrx_word' id='word_1_363' title='bbox 835 3855 914 3915; x_wconf 87' lang='lat' dir='ltr'>sis</span> <span class='ocrx_word' id='word_1_364' title='bbox 958 3855 1128 3916; x_wconf 77' lang='lat' dir='ltr'>felix.</span> <span class='ocrx_word' id='word_1_365' title='bbox 1215 3855 1515 3929; x_wconf 88' lang='lat' dir='ltr'>Quoniam</span> <span class='ocrx_word' id='word_1_366' title='bbox 1542 3864 1744 3916; x_wconf 86' lang='lat' dir='ltr'>tamen</span> <span class='ocrx_word' id='word_1_367' title='bbox 1775 3853 2010 3934; x_wconf 84' lang='lat' dir='ltr'>animo,</span> <span class='ocrx_word' id='word_1_368' title='bbox 2053 3854 2277 3915; x_wconf 79' lang='lat' dir='ltr'>divinis</span> <span class='ocrx_word' id='word_1_369' title='bbox 2304 3855 2617 3935; x_wconf 84' lang='lat' dir='ltr'>speciebus</span> 
     </span>
     <span class='ocr_line' id='line_1_41' title="bbox 405 3936 2618 4022; baseline 0.002 -26"><span class='ocrx_word' id='word_1_370' title='bbox 405 3936 768 4016; x_wconf 84' lang='lat' dir='ltr'>informato,</span> <span class='ocrx_word' id='word_1_371' title='bbox 811 3939 878 4000; x_wconf 88' lang='lat' dir='ltr'>id</span> <span class='ocrx_word' id='word_1_372' title='bbox 918 3941 1082 4021; x_wconf 88' lang='lat' dir='ltr'>quod</span> <span class='ocrx_word' id='word_1_373' title='bbox 1113 3939 1362 4001; x_wconf 81' lang='lat' dir='ltr'>scientia</span> <span class='ocrx_word' id='word_1_374' title='bbox 1397 3951 1522 4015; x_wconf 85' lang='lat' dir='ltr'>est,</span> <span class='ocrx_word' id='word_1_375' title='bbox 1563 3942 1755 4001; x_wconf 86' lang='lat' dir='ltr'>multo</span> <span class='ocrx_word' id='word_1_376' title='bbox 1782 3941 1952 4022; x_wconf 83' lang='lat' dir='ltr'>prius</span> <span class='ocrx_word' id='word_1_377' title='bbox 1982 3940 2355 4001; x_wconf 77' lang='lat' dir='ltr'>voluntatem</span> <span class='ocrx_word' id='word_1_378' title='bbox 2388 3951 2618 4001; x_wconf 88' lang='lat' dir='ltr'>rectam</span> 
     </span>
     <span class='ocr_line' id='line_1_42' title="bbox 406 4023 2618 4126; baseline 0.001 -44"><span class='ocrx_word' id='word_1_379' title='bbox 406 4023 725 4083; x_wconf 84' lang='lat' dir='ltr'>accessisse</span> <span class='ocrx_word' id='word_1_380' title='bbox 766 4045 881 4104; x_wconf 85' lang='lat' dir='ltr'>par</span> <span class='ocrx_word' id='word_1_381' title='bbox 925 4035 1016 4085; x_wconf 91' lang='lat' dir='ltr'>est</span> <span class='ocrx_word' id='word_1_382' title='bbox 1056 4025 1334 4087; x_wconf 85' lang='lat' dir='ltr'>arbitrari</span> <span class='ocrx_word' id='word_1_383' title='bbox 1373 4024 1541 4106; x_wconf 87' lang='lat' dir='ltr'>(nam</span> <span class='ocrx_word' id='word_1_384' title='bbox 1566 4046 1634 4087; x_wconf 86' lang='lat' dir='ltr'>ea</span> <span class='ocrx_word' id='word_1_385' title='bbox 1664 4035 1753 4085; x_wconf 90' lang='lat' dir='ltr'>est</span> <span class='ocrx_word' id='word_1_386' title='bbox 1779 4027 1958 4107; x_wconf 88' lang='lat' dir='ltr'>plane</span> <span class='ocrx_word' id='word_1_387' title='bbox 1988 4045 2274 4106; x_wconf 82' lang='lat' dir='ltr'>expressa</span> <span class='ocrx_word' id='word_1_388' title='bbox 2305 4026 2618 4126; x_wconf 79' lang='lat' dir='ltr'>prototypi</span> 
     </span>
     <span class='ocr_line' id='line_1_43' title="bbox 408 4108 2616 4193; baseline 0.001 -25"><span class='ocrx_word' id='word_1_389' title='bbox 408 4108 627 4185; x_wconf 82' lang='lat' dir='ltr'>virtus,</span> <span class='ocrx_word' id='word_1_390' title='bbox 667 4128 781 4168; x_wconf 90' lang='lat' dir='ltr'>nec</span> <span class='ocrx_word' id='word_1_391' title='bbox 806 4110 954 4170; x_wconf 87' lang='lat' dir='ltr'>boni</span> <span class='ocrx_word' id='word_1_392' title='bbox 983 4111 1167 4171; x_wconf 87' lang='lat' dir='ltr'>ullius</span> <span class='ocrx_word' id='word_1_393' title='bbox 1190 4111 1495 4193; x_wconf 83' lang='lat' dir='ltr'>particeps</span> <span class='ocrx_word' id='word_1_394' title='bbox 1529 4110 1848 4192; x_wconf 80' lang='lat' dir='ltr'>quisquam</span> <span class='ocrx_word' id='word_1_395' title='bbox 1879 4131 2003 4172; x_wconf 86' lang='lat' dir='ltr'>esse</span> <span class='ocrx_word' id='word_1_396' title='bbox 2035 4109 2331 4188; x_wconf 79' lang='lat' dir='ltr'>creditur,</span> <span class='ocrx_word' id='word_1_397' title='bbox 2381 4111 2616 4191; x_wconf 78' lang='lat' dir='ltr'>quiin-</span> 
     </span>
     <span class='ocr_line' id='line_1_44' title="bbox 408 4155 2614 4280; baseline 0.001 -25"><span class='ocrx_word' id='word_1_398' title='bbox 408 4192 577 4255; x_wconf 69' lang='lat' dir='ltr'>vidia</span> <span class='ocrx_word' id='word_1_399' title='bbox 608 4155 891 4275; x_wconf 67' lang='lat' dir='ltr'>iaboret),</span> <span class='ocrx_word' id='word_1_400' title='bbox 937 4194 1003 4254; x_wconf 87' lang='lat' dir='ltr'>in</span> <span class='ocrx_word' id='word_1_401' title='bbox 1031 4195 1097 4256; x_wconf 81' lang='lat' dir='ltr'>id</span> <span class='ocrx_word' id='word_1_402' title='bbox 1124 4205 1185 4257; x_wconf 90' lang='lat' dir='ltr'>te</span> <span class='ocrx_word' id='word_1_403' title='bbox 1227 4217 1460 4258; x_wconf 88' lang='lat' dir='ltr'>summo</span> <span class='ocrx_word' id='word_1_404' title='bbox 1493 4196 1696 4259; x_wconf 87' lang='lat' dir='ltr'>studio</span> <span class='ocrx_word' id='word_1_405' title='bbox 1730 4206 1974 4280; x_wconf 90' lang='lat' dir='ltr'>oportet</span> <span class='ocrx_word' id='word_1_406' title='bbox 1999 4194 2373 4274; x_wconf 87' lang='lat' dir='ltr'>incumbere,</span> <span class='ocrx_word' id='word_1_407' title='bbox 2418 4206 2489 4258; x_wconf 89' lang='lat' dir='ltr'>ut</span> <span class='ocrx_word' id='word_1_408' title='bbox 2527 4196 2614 4257; x_wconf 86' lang='lat' dir='ltr'>si-</span> 
     </span>
    </p>
   </div>
   <div class='ocr_carea' id='block_1_8' title="bbox 482 4356 2267 4437">
    <p class='ocr_par' dir='ltr' id='par_1_8' title="bbox 482 4356 2267 4437">
     <span class='ocr_line' id='line_1_45' title="bbox 482 4356 2267 4437; baseline 0.006 -18"><span class='ocrx_word' id='word_1_409' title='bbox 482 4362 542 4433; x_wconf 90' lang='lat'>1)</span> <span class='ocrx_word' id='word_1_410' title='bbox 573 4356 662 4417; x_wconf 76' lang='lat' dir='ltr'>soi·</span> <span class='ocrx_word' id='word_1_411' title='bbox 797 4362 862 4433; x_wconf 75' lang='lat'>2)</span> <span class='ocrx_word' id='word_1_412' title='bbox 896 4363 1043 4420; x_wconf 60' lang='grc' dir='ltr'><strong><em>Ἐστι.</em></strong></span> <span class='ocrx_word' id='word_1_413' title='bbox 1076 4357 1398 4435; x_wconf 73' lang='grc' dir='ltr'><strong><em>ἀρκοῦνται.</em></strong></span> <span class='ocrx_word' id='word_1_414' title='bbox 1536 4364 1602 4435; x_wconf 79' lang='grc'>8)</span> <span class='ocrx_word' id='word_1_415' title='bbox 1635 4383 1713 4437; x_wconf 76' lang='grc' dir='ltr'><strong><em>γε.</em></strong></span> <span class='ocrx_word' id='word_1_416' title='bbox 1851 4366 1916 4436; x_wconf 73' lang='lat'>4)</span> <span class='ocrx_word' id='word_1_417' title='bbox 1949 4358 2267 4435; x_wconf 69' lang='grc' dir='ltr'><strong><em>ὀξυδερκής·</em></strong></span> 
     </span>
    </p>
   </div>
   <div class='ocr_carea' id='block_1_9' title="bbox 3055 626 3094 2990">
    <p class='ocr_par' dir='ltr' id='par_1_9' title="bbox 3055 626 3094 2990">
     <span class='ocr_line' id='line_1_46' title="bbox 3055 626 3094 2990; baseline 0 0"><span class='ocrx_word' id='word_1_418' title='bbox 3055 626 3094 2990; x_wconf 95' lang='lat' dir='ltr'> </span> 
     </span>
    </p>
   </div>
  </div>
 </body>
</html>
