3094 4876
561 392 721 443 nm
941 377 1421 457 NICEPHORI
1463 375 1943 445 GREGORAE
1985 375 2342 445 ELOGIA.

559 546 705 606 θεῖν
737 541 852 604 τοῦ
903 531 1162 622 χρόνον,
1200 532 1366 613 ’ὅπως
1410 534 1518 600 καὶ
1558 539 1824 601 πλεῖστοι
1859 539 1987 601 τοῖϊν
2013 533 2067 617 1)
2114 529 2388 620 dyest&
2413 528 2761 619 μετάσχοιεν

559 623 903 710 ἅνθρωποι.

972 740 1371 825 Lampenns
1418 736 1912 804 Tarchaniotes
1958 734 2332 826 Gregorae.

729 847 956 927 Nempe
984 844 1253 925 quilibet,
1294 840 1485 902 habili
1509 842 1587 902 ad
1618 839 2065 922 percipiendam
2095 851 2282 899 artem
2306 838 2548 918 ingenio
2578 858 2760 919 prae-

560 934 751 1011 ditus,
795 933 847 992 si
888 931 1276 991 simulacrum
1325 929 1657 1007 aspexerit,
1704 947 1829 986 non
1868 927 2046 986 facile
2083 924 2156 985 ab
2188 946 2258 986 eo
2305 944 2418 985 11811
2463 924 2583 983 11181
2623 944 2762 983 1110-

560 1020 711 1079 leste
757 1016 1051 1091 discedet,
1095 1035 1165 1074 ac
1201 1013 1512 1093 spectandi
1545 1014 1856 1092 voluptate
1898 1012 2129 1091 expleri
2163 1031 2287 1071 non
2317 1009 2575 1093 poteritx
2617 1009 2761 1070 illos

562 1113 761 1163 autem
787 1102 893 1182 qui
927 1102 995 1160 111
1022 1099 1317 1159 orationes
1354 1106 1518 1175 tuas,
1562 1098 1731 1177 quasi
1765 1097 1834 1157 in
1875 1096 2194 1158 simulacra
2239 1098 2528 1172 animata,
2572 1095 2765 1155 oculis

563 1189 775 1250 defixis
818 1187 1098 1261 haerent,
1140 1184 1281 1243 illos
1317 1183 1564 1263 inquam
1604 1183 1849 1264 pulchri
1886 1185 2123 1242 satietas
2172 1181 2402 1262 capiet,
2446 1189 2553 1240 aut
2584 1182 2763 1240 citius

561 1274 611 1334 ii
652 1273 961 1334 discedent
1007 1271 1079 1329 ab
1117 1270 1245 1329 illis
1285 1269 1497 1345 rebus,
1542 1289 1692 1348 quae
1724 1269 2040 1328 oculorum
2066 1268 2280 1327 mentis
2308 1266 2524 1347 epulae
2556 1275 2614 1325 et
2652 1266 2765 1325 de-

561 1360 736 1419 liciae
769 1357 953 1419 sunt?
1010 1356 1086 1416 Id
1128 1355 1368 1434 quidem
1396 1374 1606 1430 nemo,
1638 1362 1709 1412 ut
1752 1354 2002 1434 opinor,
2046 1353 2321 1412 dicturus
2355 1361 2475 1427 est,
2521 1350 2625 1431 qui
2663 1372 2766 1410 ra·-

558 1444 742 1505 tionis
772 1465 889 1504 usu
919 1443 1252 1501 instructus
1278 1440 1378 1502 sit.
1465 1440 1607 1515 Ego,
1654 1459 1774 1517 quo
1816 1447 2085 1518 tempore
2115 1457 2389 1515 magnam
2414 1436 2625 1496 urbem
2655 1435 2767 1496 ha-

558 1529 847 1606 bitabam,
890 1527 1225 1609 praeclaras
1266 1534 1400 1583 tuas
1451 1523 1889 1605 disputationes
1937 1522 2146 1583 mirari
2190 1522 2356 1582 haud
2395 1522 2763 1581 desinebam:

558 1635 735 1674 nemo
767 1623 895 1674 erat
924 1611 1223 1687 eruditus,
1269 1609 1374 1688 qui
1404 1629 1528 1667 non
1560 1608 1832 1668 conscius
1867 1607 2017 1666 mihi
2049 1618 2207 1668 esset
2236 1606 2629 1687 applaudenti
2659 1607 2764 1665 in-

560 1700 720 1779 genii
761 1699 856 1758 tui
922 1695 1208 1772 foetibus,
1269 1704 1329 1754 et
1378 1691 1728 1752 honorificis
1772 1694 2112 1774 praeconiis
2160 1712 2260 1754 808
2306 1690 2768 1752 commendanti.

562 1785 645 1845 At
672 1803 836 1844 11111111
864 1802 967 1841 808
1005 1781 1223 1857 libros,
1269 1798 1421 1858 quos
1453 1776 1574 1837 hoc
1605 1800 1762 1838 anno
1795 1780 1863 1838 111
1885 1780 2085 1838 lucem
2114 1777 2390 1855 emisisti,
2435 1777 2620 1856 magis
2651 1776 2768 1836 ad-

557 1869 776 1946 miror3
823 1886 1183 1947 quamquam
1210 1864 1469 1943 egregias
1490 1864 1792 1931 orationes
1822 1864 2310 1944 quamplurimas
2341 1862 2461 1922 iam
2478 1871 2614 1921 ante
2644 1860 2769 1921 edi-

561 1954 764 2029 118188,
808 1972 1043 2013 morum
1073 1949 1395 2029 gravitate,
1437 1949 1869 2009 sententiarum
1911 1949 2237 2028 dignitate,
2276 1949 2600 2009 verborum
2631 1967 2767 2007 ma-

558 2039 769 2098 iestate
809 2036 1005 2096 nihilo
1052 2034 1366 2094 inferiores
1402 2034 1673 2093 Platonis
1709 2034 2101 2098 orationibus.
2177 2033 2419 2114 Quippe
2457 2043 2517 2092 et
2556 2032 2766 2111 figuris

558 2133 622 2184 et
677 2122 1109 2203 compositione
1181 2129 1241 2179 et
1297 2121 1623 2180 verborum
1678 2128 1819 2200 apta
1874 2119 2269 2179 collocatione
2326 2128 2386 2177 et
2439 2118 2769 2177 coniuncta

559 2229 702 2269 cum
738 2209 1032 2269 suavitate
1075 2204 1248 2285 copia
1291 2213 1351 2263 et
1392 2203 1793 2286 persuadendi
1831 2205 1895 2265 vi
1945 2202 2244 2265 rhetorica
2286 2202 2422 2262 illas
2474 2203 2766 2284 aequipa-

556 2303 718 2366 rant,
758 2312 910 2372 quae
950 2292 1024 2350 ab
1064 2288 1360 2350 oratoriae
1403 2290 1551 2348 artis
1598 2289 1875 2369 principe
1902 2290 2282 2349 elucubratae
2312 2289 2578 2352 suerunt.
2667 2288 2764 2347 Ad

557 2375 926 2437 eiuscemodi
969 2376 1264 2435 orationes
1307 2394 1442 2431 cum
1489 2382 1550 2432 et
1593 2373 1949 2452 magnanimi
1995 2372 2311 2450 Demetrii,
2355 2383 2416 2433 et
2454 2374 2577 2433 eius
2611 2393 2766 2454 quse

561 2462 754 2522 Deum
775 2460 1010 2521 arcanis
1041 2458 1374 2520 rationibus
1403 2459 1660 2539 peperit,
1701 2460 1910 2518 laudes
1937 2459 2304 2537 adiunxeris,
2335 2479 2594 2540 quonam
2627 2460 2763 2542 (pu-

558 2544 674 2625 tas)
705 2566 840 2625 erga
875 2555 937 2605 te
964 2565 1141 2605 sensu
1169 2530 1424 2603 affecisti
1448 2543 1748 2625 politioris
1772 2545 2147 2604 litteraturae
2176 2545 2521 2605 studiosos?
2579 2544 2767 2624 Equi—

559 2631 696 2691 dem
742 2637 1043 2711 quotquot
1079 2628 1182 2689 11111
1213 2628 1465 2707 degunt,
1512 2648 1613 2687 eos
1661 2629 1887 2708 primus
1916 2649 1988 2688 811
2021 2632 2182 2690 801118
2212 2650 2443 2689 mecum
2468 2630 2535 2688 in
2566 2630 2766 2690 admi-

556 2715 855 2777 rationem
877 2714 1071 2793 rapui.
1133 2713 1315 2788 Quod
1343 2713 1391 2773 si
1424 2723 1483 2772 et
1508 2713 1664 2772 illud
1690 2714 1811 2773 dici
1834 2715 2026 2792 debet,
2068 2715 2253 2793 magis
2278 2716 2553 2795 profecto
2583 2736 2766 2794 quam

558 2810 731 2860 811188
772 2799 997 2880 ingenii
1049 2799 1141 2858 tui
1177 2797 1522 2876 magnitudo
1562 2818 1729 2858 nunc
1773 2800 2011 2859 demum
2036 2801 2248 2862 eluxit.
2332 2800 2625 2860 Nimirum
2653 2802 2765 2860 110-

558 2886 817 2946 ctrinam
852 2886 921 2945 in
946 2885 1065 2954 tuis
1108 2884 1387 2964 operibus
1416 2885 1820 2960 reconditam,
1864 2887 2084 2966 partim
2119 2906 2153 2944 a
2181 2883 2485 2965 plerisque
2507 2885 2766 2962 ignora-

556 2980 702 3050 tam,
728 2971 950 3051 partim
970 2989 1195 3047 eorum,
1214 2969 1318 3049 qui
1342 2979 1647 3049 utcunque
1670 2969 2096 3048 intelligerent,
2120 2970 2581 3051 praemeditatae
2599 2970 2766 3030 invi-

558 3057 693 3118 diae
716 3056 1055 3133 obnoxiam,
1083 3054 1455 3133 quantumin
1483 3055 1656 3134 nobis
1678 3054 1797 3114 suit
1818 3057 1901 3113 ita
1929 3056 2360 3136 explicuimus,
2390 3062 2461 3114 ut
2480 3064 2538 3114 et
2564 3054 2765 3115 invidi

554 3146 870 3223 praecluso
894 3162 997 3201 ore
1018 3140 1514 3217 obmutescerent,
1541 3150 1602 3199 et
1621 3150 1861 3199 nostrae
1881 3140 2299 3220 approbationi
2320 3141 2572 3200 aliorum
2588 3160 2764 3220 prae-

552 3235 721 3286 terea
748 3226 1150 3306 complurium
1175 3225 1454 3306 suffragia
1483 3226 1852 3285 accederent.
1904 3226 2147 3306 Iamque
2169 3225 2316 3284 adeo
2339 3235 2400 3284 te
2429 3246 2553 3286 non
2579 3225 2761 3285 huius

555 3318 793 3370 tantum
826 3321 1103 3386 nostrae,
1143 3320 1248 3368 8111
1280 3311 1407 3370 81118
1437 3330 1589 3389 quae
1622 3310 1897 3391 proxime
1920 3311 2245 3391 praecessit
2277 3312 2521 3387 aetatis,
2567 3310 2673 3370 sed
2700 3318 2764 3369 et

554 3396 933 3474 superiorum
954 3405 1296 3475 temporum
1325 3395 1575 3455 eruditis
1601 3396 1894 3471 omnibus,
1933 3415 2188 3474 quorum
2211 3396 2353 3455 libri
2375 3404 2762 3455 monumenta

554 3489 695 3539 sunt
731 3501 1079 3558 magnorum
1117 3480 1524 3559 ingeniorum,
1571 3482 1854 3540 maiorem
1897 3491 2074 3560 atque
2118 3480 2603 3541 excellentiorem
2632 3489 2762 3539 818-

551 3574 681 3625 tuo.
751 3563 927 3639 Quod
956 3573 1153 3624 autem
1183 3585 1309 3624 non
1334 3575 1558 3625 temere
1594 3563 1660 3624 id
1688 3588 1723 3624 a
1751 3587 1844 3626 me
1875 3586 1992 3627 nec
2032 3566 2110 3625 ad
2137 3567 2385 3645 gratiam
2422 3566 2547 3626 ullo
2577 3565 2759 3625 modo

552 3650 822 3726 dicatur,
867 3670 1000 3709 cum
1050 3650 1162 3708 alia
1208 3650 1394 3709 multa
1439 3651 1677 3710 abunde
1712 3651 2046 3728 declarant,
2090 3660 2217 3710 tum
2247 3672 2332 3728 ea,
2372 3670 2522 3730 quae
2555 3651 2762 3709 statim

550 3734 822 3796 dicturus
863 3756 1012 3796 sum.
1094 3735 1219 3798 Alii
1262 3735 1505 3816 quidem
1550 3735 1695 3794 alias
1744 3735 2090 3816 disciplinas
2142 3746 2201 3795 et
2228 3736 2342 3794 alia
2385 3735 2582 3795 studia
2609 3756 2762 3815 pro-

549 3819 692 3880 fessi
727 3830 899 3896 sunt,
941 3830 1126 3900 prout
1168 3822 1457 3901 cuiusque
1497 3823 1781 3881 voluntas
1830 3832 1888 3881 et
1931 3821 2277 3881 institutum
2325 3821 2471 3897 fuit,
2514 3829 2619 3879 aut
2669 3821 2764 3896 (ut

547 3906 752 3965 verius
785 3903 1006 3986 dicam)
1034 3916 1281 3967 natura:
1312 3907 1379 3965 in
1410 3906 1626 3985 quibus
1655 3926 1793 3966 cum
1819 3906 2239 3966 excelluissent
2266 3915 2325 3964 et
2355 3906 2432 3964 ad
2456 3925 2762 3965 summum

548 3991 989 4069 pervenissent,
1034 4001 1161 4050 tum
1202 3992 1443 4052 demum
1486 3992 1750 4051 aemulos
1782 4001 1840 4050 et
1869 3992 2158 4051 similibus
2183 3989 2488 4051 laboribus
2519 3990 2762 4051 exerci-

548 4082 706 4134 tatos
744 4076 859 4135 visi
886 4085 1027 4135 sunt
1055 4096 1380 4156 superasse.
1453 4078 1550 4137 -At
1582 4087 1655 4137 tu
1685 4075 1840 4137 nihil
1868 4087 1958 4137 est
1990 4078 2067 4136 ad
2097 4078 2258 4156 quod
2288 4086 2463 4136 natus
2491 4098 2615 4135 nou
2640 4076 2758 4151 sis;

546 4158 722 4235 nibil,
750 4180 866 4239 quo
892 4182 1018 4220 non
1038 4170 1100 4221 te
1126 4162 1321 4243 ipsum
1332 4163 1769 4242 aggregaveris3
1796 4161 1972 4242 nihil,
2003 4163 2069 4221 in
2096 4183 2211 4242 quo
2228 4161 2393 4222 haud
2417 4161 2761 4221 felicissime

546 4242 891 4307 elaboraris.
960 4246 1080 4307 Sed
1103 4245 1172 4307 in
1198 4249 1475 4310 omnibus
1501 4247 1595 4311 sic
1628 4258 1921 4328 versatus,
1963 4257 2039 4309 ut
2057 4268 2233 4309 nemo
2259 4248 2327 4308 in
2356 4247 2626 4328 singulis,
2671 4244 2763 4306 tui

612 4375 675 4446 1)
707 4375 855 4432 Fort.
890 4378 1023 4435 σὺ.
