3094 4876
759 306 1230 378 ms‘romAE
1269 246 1825 376 BYzAnTmAE
1853 307 2022 376 vm.
2057 312 2153 380 14.
2374 299 2525 374 375

319 501 478 555 πους
520 477 622 543 καὶ
659 474 806 551 τούς
845 471 1053 549 οἷ’κους
1092 468 1359 560 ἐρήμους
1391 467 1718 556 ποιοόοης,
1775 469 1881 560 ἐφ’
1933 463 2020 541 ὧν
2061 470 2224 558 ἡνίκ’
2263 472 2382 556 ὀψὲ
2422 473 2511 562 εἴη
2606 485 2664 534 A.
2696 486 2751 535 c.

316 577 646 646 καταλύειν
679 575 848 663 ἡμᾶς
873 578 1056 666 ἐχρῆν
1082 578 1184 642 καὶ
1206 574 1317 642 τὸν
1342 576 1409 642 ἐκ
1438 582 1553 661 τῆς
1580 572 1730 642 ὁδοῦ
1757 573 2005 660 μόχθον
2042 575 2509 663 ἀποτρίβεσθαι.
2606 552 2742 671 ῙΞΞΞ

317 684 532 756 καὶτὰ
571 683 686 766 μὲν
724 680 865 767 ἄχρι
897 676 1258 767 Στρυμόνος
1296 676 1788 762 συμπεπτωκότα
1825 676 1973 763 ἡμῖν
2005 681 2104 748 ἐῶ.
2176 683 2360 747 ἐκεῖσε
2385 681 2512 767 μὴν
2607 690 2742 744 1328

313 786 669 872 γενομένοις.
705 783 1045 869 ξυνηνέχθη
1084 807 1144 847 τι
1186 784 1287 848 καὶ
1321 789 1550 848 παθεῖν
1582 779 1749 867 ἦμᾶς
1786 783 1968 849 πλέον
2009 784 2200 869 ἀκοῆς
2241 761 2533 866 μάλισταΙ
2579 761 2839 824 p.Andron.

266 885 572 956 5πάντων
594 886 788 968 ἄξιον,
817 884 1016 953 ὃπόσα
1042 881 1242 971 λόπης
1268 890 1371 951 καὶ
1392 886 1657 972 γέλωτος
1670 886 1838 974 φέρει
1867 888 2140 964 σπονδὰς
2164 889 2228 953 ἐν
2258 884 2572 975 ἀνθρώ-Ε

313 1018 440 1059 που
472 998 668 1079 ψυχῇ.
725 990 988 1081 ἀβουλίᾳ
1012 986 1130 1076 γάρ
1157 1014 1254 1055 τοι
1283 986 1536 1076 τοιαύτῃ
1562 990 1993 1078 χρησαμένοις,
2032 988 2212 1057 ὁποία
2247 994 2349 1057 καὶ
2375 993 2516 1075 Δη-

311 1096 615 1181 μοκρίτου
646 1091 819 1177 μάλα
846 1118 943 1160 τοι
972 1097 1269 1178 γελῶντος
1295 1090 1454 1182 ἐρῴη
1491 1092 1590 1174 ἂν,
1628 1095 1692 1169 ἐς
1714 1100 1998 1159 τοιοῦτον
2028 1091 2355 1179 συνηλάθη
2384 1097 2512 1160 κίν-

312 1201 508 1265 δυνον
547 1194 696 1283 ἡμῖν
743 1195 825 1262 τὰ
868 1192 1134 1283 ἦμέτερα
1146 1244 1169 1277 ,
1241 1192 1451 1272 ὃποῖος
1502 1197 1604 1263 καὶ
1650 1193 2048 1282 Ἡρακλείτου
2094 1193 2268 1280 μάλα
2307 1198 2380 1282 γέ
2415 1224 2512 1264 τοι

317 1297 695 1387 δακρύοντος
730 1295 889 1389 ἐρῴη
934 1298 1030 1365 ἀν.
1115 1297 1286 1364 ἴσασι
1331 1297 1451 1386 γὰρ
1509 1295 1776 1375 ἅπαντες
1823 1300 2025 1378 πεζοῖς
2069 1303 2172 1364 καὶ
2226 1298 2513 1376 ἱππόταις

226 1412 306 1465 10
325 1402 620 1491 ἀνδράσιν
644 1402 879 1489 ἄπορον
905 1400 1057 1469 ὄντα
1084 1399 1416 1489 Στρυμόνα
1452 1401 1562 1468 τὸν
1603 1398 1885 1486 ποταμόν
1903 1423 1919 1437 ·
1973 1401 2066 1469 ὅτι
2099 1404 2200 1477 καὶ
2229 1402 2512 1487 μέγιστος
2539 1423 2602 1478 Ρ,
2633 1425 2730 1481 231

316 1503 593 1595 ἐπεφύκει
627 1502 842 1572 ὁπόσοι
880 1502 1132 1596 Θρᾴκην
1157 1508 1259 1570 καὶ
1286 1506 1685 1571 Μακεδονίαν
1712 1505 2030 1588 τέμνοντες
2058 1502 2120 1581 ἴς
2153 1530 2219 1571 τε
2252 1502 2508 1590 Ἑλλήσ-

311 1634 542 1677 ποντον
582 1611 686 1675 καὶ
728 1610 994 1694 Αἰγαῖον
1020 1612 1337 1674 ποιοῦνται
1364 1608 1478 1686 τὰς
1504 1604 1779 1691 ἐκβολάς.
1860 1609 2134 1675 τίκτουσι
2168 1607 2285 1694 γὰρ
2318 1607 2507 1674 αὖτὸν

308 1714 395 1779 τὰ
424 1709 817 1799 ὖπερκείμενα
845 1712 1099 1797 μέγιστα
1126 1709 1240 1798 ὄρη
1258 1760 1280 1793 ,
1338 1711 1379 1776 ἃ
1413 1711 1573 1778 κατὰ
1599 1710 1672 1777 τὸ
1689 1706 1943 1795 ’συνεχὲς
1964 1713 2305 1798 παρατείνει
2328 1710 2507 1799 μέχρι

308 1823 427 1881 τοῦ
448 1816 665 1882 Ἰονίου
690 1811 991 1902 πελάγους
1017 1815 1082 1879 ἐκ
1109 1820 1223 1879 τοῦ
1252 1809 1481 1880 πόντου
1510 1811 1820 1900 ἀρξάμενα
1852 1820 1964 1881 τοῦ
1994 1814 2283 1892 Εὐξείνου
2295 1862 2318 1895 ,
2371 1810 2504 1900 δρί-

221 1936 296 1990 15
314 1921 502 2000 ζοντα
529 1919 643 2003 μὲν
667 1916 825 2002 πρὸς
853 1917 1240 2004 μεσημβρίαν
1271 1919 1372 1983 καὶ
1403 1914 1582 1984 νότον
1614 1916 1838 2000 ἄνεμον
1869 1914 2125 2008 Θρᾴκην
2153 1919 2256 1982 καὶ
2280 1918 2507 1983 Μακε-

308 2024 527 2088 δονίαν
539 2071 563 2104 ,
615 2021 775 2109 πρὸς
812 2021 876 2085 d’
908 2019 1171 2107 ἄρκτους
1200 2016 1316 2097 τάς
1339 2046 1407 2087 τε
1435 2024 1685 2087 Μυσῶν
1702 2018 1916 2107 χώρας
1946 2023 2047 2085 καὶ
2074 2018 2354 2101 ποταμὸν
2397 2017 2506 2084 τὸν
2530 2072 2533 2076 Α

292 2124 544 2212 Ἴστρον
563 2144 580 2160 ·
633 2122 702 2200 ὃς
732 2126 834 2189 καὶ
859 2122 1048 2200 αὗτὸς
1069 2123 1351 2208 μέγιστος
1382 2121 1533 2208 ὢνῆ
1564 2120 1821 2204 πάντες,
1879 2121 2012 2188 ὅσοι
2045 2121 2158 2207 τὴν
2183 2120 2557 2206 ΣκυθικὴνΒ

310 2229 538 2309 ἐπίασι,
586 2225 759 2293 πέντε
788 2223 1090 2310 στόμασιν
1119 2227 1184 2302 ἐς
1206 2226 1315 2292 τὸν
1338 2224 1624 2305 Εὔξεινον
1654 2227 1956 2291 ἐκδίδοται
1983 2222 2228 2291 πόντον.
2281 2230 2503 2289 τοῦτον

311 2323 427 2398 οὖν
451 2330 560 2397 τὸν
585 2327 917 2417 Στρυμόνα
957 2330 1025 2394 ἐκ
1062 2324 1361 2396 τοιούτων
1389 2335 1598 2415 πηγῶν
1620 2328 1945 2414 ἀνίσχοντα
1974 2330 2075 2393 καὶ
2108 2325 2271 2393 οὕτω
2288 2332 2502 2408 βαθυ-
2567 2337 2571 2343 ’

222 2448 301 2503 20
315 2435 492 2519 δίνην
521 2428 869 2520 γιγνόμενον
918 2431 1151 2522 ἀκατίῳ
1196 2429 1290 2500 ἑνί
1318 2459 1436 2500 τινι
1480 2429 1643 2500 πάνυ
1689 2437 1925 2521 σμικρῷ
1973 2426 2498 2516 διαπεραιοόμενοι

311 2537 473 2605 καθ’
511 2538 617 2603 ἕνα
644 2562 765 2603 που
792 2535 834 2621 ἢ
860 2538 960 2601 καὶ
992 2533 1265 2622 σύντρεις
1294 2536 1480 2603 ἐνίοτε
1509 2534 1619 2613 ξύν
1648 2561 1712 2601 τε
1739 2532 2084 2621 ὖποζυγίοις
2116 2533 2327 2609 αὐτοῖς
2345 2538 2502 2618 πολ-
2555 2534 2559 2538 ⁴

308 2638 429 2724 λῆν
459 2665 595 2706 τινα
631 2639 747 2724 τὴν
772 2635 1004 2726 ἡμέραν
1042 2638 1579 2723 κατηναλώκειμεν.
1649 2634 1682 2703 ὅ
1709 2639 1827 2724 γὰρ
1859 2645 1984 2704 τῶν
2013 2635 2499 2723 ὖποζυγίωνχκαὶ

306 2742 490 2829 ἡμῶν
509 2742 712 2809 αὐτῶν
740 2741 1012 2830 ἀριθμὸς
1027 2744 1112 2818 εἰς
1126 2741 1200 2807 τὸ
1229 2740 1547 2808 διπλάσιον
1572 2740 1614 2826 ἢ
1643 2740 1801 2807 καθ’
1836 2736 2248 2807 ἑπταπλάσιον
2269 2734 2555 2809 δεκάδαο

308 2840 392 2932 ἦν
422 2846 774 2934 ἀνηγμένος.
839 2840 875 2912 ὅ
908 2843 974 2910 δ’
1011 2842 1184 2929 ἣλιος
1210 2845 1319 2911 τὸν
1344 2841 1637 2932 ἡμέτερον
1665 2840 2064 2931 παραλλάξας
2087 2840 2503 2927 μεσημβρινὸν

451 3013 540 3068 21.
580 3007 804 3064 Videtur
835 3006 1104 3079 scripsisse
1137 3007 1436 3080 Gregoras,
1469 3002 1506 3078 ἢ
1542 3003 1774 3076 σύνδυο,
1809 3001 1846 3077 ἢ
1878 3005 1974 3062 καὶ
2007 3002 2270 3076 σύντρεις.
2304 3003 2495 3058 BOIV.

311 3147 545 3204 honines
567 3164 634 3200 ex
663 3146 806 3216 agris
831 3145 888 3199 in
914 3144 1126 3199 castella
1155 3162 1214 3199 se
1237 3144 1557 3215 reciperent,
1591 3143 1813 3198 desertis
1835 3141 2077 3207 aedibus,
2105 3142 2160 3195 in
2191 3141 2378 3212 quibus
2404 3155 2500 3192 nos

312 3222 409 3272 ves'
503 3217 518 3231 ⁰
547 3216 803 3270 diversari
823 3223 879 3268 et
901 3231 1120 3285 corpora
1141 3216 1285 3268 fessa
1307 3216 1373 3266 de
1395 3214 1484 3266 via
1508 3231 1746 3267 recreare
1772 3215 2059 3283 oportebat.
2124 3213 2202 3265 Ac
2240 3227 2301 3263 ea
2314 3247 2332 3273 ,
2365 3223 2500 3278 quae

311 3286 385 3341 ad
660 3302 740 3337 em
778 3299 939 3354 usque
976 3283 1123 3337 nobis
1168 3283 1495 3348 acciderunt,
1530 3283 1696 3336 mitto.
1765 3283 1847 3336 Ibi
1883 3287 2047 3335 autem
2070 3277 2280 3350 gravius
2305 3275 2499 3346 aliquid

312 3355 466 3410 nobis
502 3354 726 3417 accidit3
756 3370 928 3407 eorum
963 3367 1145 3422 nempe
1190 3353 1437 3414 omnium,
1472 3369 1606 3422 quae
1642 3352 1864 3405 dolorem
1891 3358 1945 3405 et
1981 3350 2140 3404 risum
2167 3348 2222 3402 in
2248 3346 2500 3401 hominum

314 3425 502 3478 animis
523 3423 822 3476 consociant
836 3460 854 3486 ,
886 3422 1100 3475 maxime
1130 3420 1338 3492 dignum
1360 3420 1553 3474 auditu.
1626 3420 1941 3474 Temeritate
1963 3421 2096 3474 enim
2120 3423 2296 3471 nostra
2311 3454 2328 3483 ,
2362 3431 2500 3485 quae

314 3489 599 3547 Democrsti
630 3510 656 3544 s
691 3491 855 3544 lenem
885 3489 1136 3561 postulet,
1165 3490 1220 3542 in
1261 3490 1319 3542 id
1344 3489 1620 3560 periculum
1650 3490 1971 3554 devenimus,
2006 3505 2106 3559 quo
2137 3485 2221 3540 vel
2244 3481 2501 3538 Heracliti

314 3564 573 3645 lacrymae
599 3510 979 3614 exKauriantur·
1047 3560 1254 3613 Norunt
1279 3577 1469 3622 omnes,
1500 3560 1818 3629 Strymonem
1841 3557 2049 3612 fluvium
2075 3562 2131 3610 et
2154 3554 2412 3625 peditibus
2444 3557 2501 3603 et

317 3631 579 3700 equitibus
616 3646 730 3682 esse
768 3627 1093 3698 impervium
1126 3635 1402 3698 propterea
1438 3630 1576 3697 quod
1604 3628 1849 3682 maximus
1873 3633 1954 3680 est
1977 3625 2192 3679 omnium
2214 3623 2500 3683 fluviorum,

316 3699 411 3770 qui
434 3697 790 3753 Macedoniam
811 3714 873 3750 ae
894 3697 1170 3751 Thraciam
1194 3698 1406 3750 mediam
1430 3704 1663 3750 secantes
1685 3698 1740 3752 iu
1755 3695 2140 3766 Hellespontum
2165 3697 2220 3745 et
2241 3694 2501 3760 Aegaeum

315 3785 460 3823 mare
495 3773 794 3820 exonerant.
877 3766 1063 3818 Oritur
1096 3766 1228 3832 enim
1263 3784 1294 3819 e
1338 3765 1899 3848 superimpendentibus
1946 3762 2175 3816 maximis
2227 3760 2500 3819 montibus,

319 3835 413 3921 qui
449 3854 482 3889 a
512 3837 681 3890 Ponto
700 3834 904 3888 Euxino
946 3835 1116 3886 exorsi
1147 3835 1518 3889 continennbus
1542 3835 1680 3903 iugis
1713 3851 1874 3903 usque
1904 3832 1970 3885 ad
1996 3831 2190 3885 Ionium
2215 3846 2356 3882 mere
2381 3842 2504 3898 por-

315 3911 587 3975 aguntur-3
620 3921 683 3957 ac
722 3903 981 3966 meridiem
1027 3911 1082 3957 et
1103 3904 1340 3957 Austrum
1375 3919 1557 3957 versus
1589 3904 1870 3957 Thraciam
1889 3908 1944 3956 et
1966 3898 2355 3961 Macedoniam3
2383 3911 2507 3949 ver-

318 3992 409 4030 sus
446 3972 855 4044 Septentrionem
893 3972 1154 4041 Mysorum
1199 3979 1366 4026 terras
1404 3980 1460 4027 et
1498 3973 1681 4024 istrum
1719 3971 1930 4025 fluvium
1978 3968 2284 4041 terminant:
2331 3963 2417 4035 qui
2451 3967 2508 4016 et

318 4044 436 4114 ipse
471 4043 714 4097 maximus
744 4042 883 4095 inter
918 4057 1008 4094 eos
1044 4042 1133 4126 qui
1158 4041 1424 4111 Scythiam
1464 4042 1723 4111 perfluunt
1741 4040 1962 4109 quinque
1989 4035 2139 4090 ostiis
2166 4037 2223 4088 in
2250 4034 2509 4089 Euxinum

317 4119 532 4184 pontum
552 4110 806 4180 irrumpit.
871 4110 1023 4162 Hunc
1056 4110 1220 4179 igitur
1244 4112 1595 4179 Strymonem,
1631 4109 1821 4162 talibus
1853 4106 2077 4160 fontibus
2099 4111 2264 4160 ortum
2297 4108 2351 4157 et
2378 4102 2508 4155 adeo

320 4182 665 4244 vorticosum,
701 4178 851 4234 unica
889 4194 1051 4246 eaque
1086 4179 1273 4248 exigua
1303 4179 1539 4232 navicula
1574 4176 1874 4231 traiiciendo
1912 4193 2048 4240 nuuc
2085 4172 2303 4243 singuli,
2351 4178 2511 4239 atque

320 4249 579 4304 interdum
604 4249 754 4303 etiam
774 4248 911 4301 terni
933 4264 1044 4302 cum
1074 4247 1206 4319 ipsis
1227 4247 1460 4302 iumentis
1475 4285 1493 4311 ‚
1524 4263 1757 4317 magnam
1777 4245 1883 4298 diei
1905 4251 2101 4315 partem
2136 4241 2511 4296 consumsimus.

324 4319 576 4373 Nostrum
591 4318 722 4373 enim
749 4323 806 4371 et
831 4317 1161 4373 iumentorum
1177 4333 1414 4371 numerus
1434 4316 1515 4371 bis
1535 4316 1866 4388 septuaginta
1880 4314 2176 4371 excedebat.
2210 4311 2284 4366 Et
2313 4310 2412 4365 iam
2436 4308 2516 4361 sol

2625 830 2783 880 uiorir.
2889 892 2898 897 -
