3094 4876
758 386 1233 461 fflcurnom
1272 386 1755 461 cancom
1793 328 2060 463 vmn
2300 402 2524 455 unu

294 568 423 613 non
463 547 625 611 item
653 546 945 631 episcopo
966 547 1137 629 Tyri,
1161 548 1267 629 qni
1293 548 1545 611 ultimae
1569 547 1822 611 sessioni
1839 547 2009 611 baud
2031 548 2328 616 into-fnit.
2375 552 2527 616 Gre-

290 654 475 716 gorae
528 634 831 716 discipuli
876 633 983 693 alii
1021 633 1091 693 in
1128 634 1429 697 custodias
1470 634 1628 712 dati,
1671 634 1778 695 alii
1808 655 2209 705 omnemcam
2238 637 2524 718 magistro

293 720 816 782 consuetudinem
859 719 1057 779 coacti
1093 719 1341 785 durare.
1429 719 1725 799 Gregoras
1765 728 1968 782 tamen
1993 719 2126 803 ipse
2151 723 2327 785 nullo
2352 724 2523 787 dioto

293 807 599 885 violatns3
645 806 760 867 aed
802 804 858 865 ei
898 814 961 866 et
982 804 1117 864 aliis
1143 803 1501 886 quibusdam
1540 805 1717 866 facile
1745 805 2100 886 permissum
2131 817 2242 885 est,
2276 808 2521 871 domum

296 901 373 952 nt
395 891 653 954 abirent.
743 891 971 950 Tomus
1000 890 1329 970 synodicus
1356 886 1408 970 1)
1453 910 1579 953 non
1603 890 1828 965 statim,
1870 892 1975 954 sed
2004 901 2145 972 post
2166 893 2317 955 duos
2344 913 2522 955 men-

303 997 396 1037 ses
440 976 875 1057 promulgatus
902 972 984 1056 ²).
1065 975 1483 1056 subscripsere
1522 976 1954 1057 Imperatores,
2003 975 2256 1039 Ioannes
2294 979 2522 1040 Canta-

306 1082 598 1138 cuzenus,
643 1071 710 1121 et
738 1060 869 1121 eiua
894 1079 1077 1140 gener
1116 1061 1369 1121 loannes
1393 1061 1668 1122 Palaeolo
1786 1083 1805 1137 3
1849 1070 1982 1123 tum
2010 1062 2292 1124 Callistus
2318 1065 2520 1145 patri-

312 1146 510 1222 arcba,
554 1156 618 1207 et
666 1146 771 1206 alii
796 1145 1117 1227 pontifices
1141 1145 1217 1228 ²³).
1274 1146 1458 1217 Paulo
1486 1156 1627 1227 post
1648 1144 1683 1185 ⁴¹
1765 1147 2232 1227 Cantacuzeuus,
2270 1159 2518 1231 sumpto

314 1232 481 1292 omni
507 1242 725 1292 ornatu
753 1230 1168 1312 Inperatorio‚
1198 1230 1381 1312 adyta
1406 1232 1732 1312 ingressus,
1773 1231 2027 1293 Tomum
2050 1233 2225 1294 illum
2250 1235 2519 1316 propriis

319 1316 599 1377 manibus
648 1326 882 1396 gestans
935 1316 1107 1379 altari
1149 1316 1469 1398 imposuit,
1542 1316 1845 1377 Palamitis
1898 1317 2400 1398 applaudentibus
2457 1329 2522 1381 et

329 1400 539 1460 finium
572 1402 805 1484 Imperii
865 1402 1357 1483 propagationem
1421 1401 1501 1462 ob
1539 1401 1700 1463 illud
1738 1399 2022 1462 meritum
2067 1403 2520 1484 spondentibus.

339 1484 638 1564 Gregoras,
685 1487 893 1546 statim
930 1496 1004 1547 ut
1047 1487 1280 1548 audivit
1330 1487 1646 1549 Palamitaa
1696 1488 2143 1563 Cantacuzeno,
2186 1490 2239 1549 si
2266 1490 2521 1551 Tomum

332 1590 661 1634 suumnovo
679 1573 791 1631 illo
807 1581 866 1632 et
881 1571 1175 1633 inusitato
1190 1573 1317 1634 ritu
1341 1581 1732 1650 connecteret,
1756 1574 1953 1633 fausta
1980 1573 2179 1633 omnia
2203 1574 2524 1654 promisis-

323 1675 411 1732 σος
443 1661 642 1734 immo,
671 1657 885 1737 inquit,
914 1678 1058 1718 cum
1083 1656 1361 1719 videritis
1375 1659 1891 1721 abominationem
1915 1656 2317 1718 desolationis
2343 1670 2519 1721 etan·

324 1751 438 1800 tem
458 1745 527 1801 ἰιι
562 1744 697 1802 loco
729 1754 943 1803 sancto
957 1787 979 1820 ‚
1024 1747 1365 1823 cognoscite
1413 1746 1708 1824 quoniam
1753 1747 2286 1825 appropinquavit
2333 1743 2518 1805 duo-

329 1826 478 1885 Iatio
505 1828 746 1908 Imperii
766 1829 1045 1888 Romani
1075 1827 1158 1911 ⁸).
1207 1828 1405 1910 Atque
1426 1827 1587 1889 bane
1611 1828 1740 1890 eius
1767 1829 2241 1910 praedictionem
2264 1839 2517 1892 eventus

328 1930 521 1997 veram
546 1914 728 1973 fuisse
751 1914 1185 1994 comprobavit,
1229 1915 1532 1995 praeclara
1565 1924 1763 1977 autem
1799 1914 2225 1975 Palamitarum
2254 1914 2518 1997 promis-

327 2017 390 2056 sa
433 1998 507 2058 ad
543 1997 805 2059 nihilum
845 1999 1212 2065 reciderunt.
1300 1999 1393 2061 Ob
1431 2020 1562 2059 eam
1610 2019 1774 2074 rem,
1814 1998 1960 2059 item
2000 1999 2144 2060 alias
2180 2000 2259 2061 ob
2286 2020 2516 2077 musas,

330 2082 623 2145 silentium
661 2083 1003 2164 impositum
1053 2084 1354 2163 Gregorae
1411 2085 1776 2163 caeterisque
1818 2082 2195 2144 orthodoxis.
2277 2084 2515 2145 Horum

338 2166 574 2244 quidum
610 2188 884 2247 parua-e:
929 2168 1064 2243 alii,
1107 2169 1276 2248 quod
1317 2178 1700 2230 contumaces
1727 2176 1955 2242 essent,
1996 2166 2064 2226 in
2101 2166 2345 2231 vincula
2365 2187 2518 2229 con·-

346 2250 502 2312 iecti.
574 2252 918 2317 Illum-iores
971 2253 1194 2323 inclusi
1242 2254 1368 2316 suis
1406 2254 1680 2335 ipsorum
1727 2250 2006 2330 aedibus,
2055 2271 2137 2314 ne
2176 2271 2520 2334 quenquam

348 2334 555 2417 alloqui
568 2349 822 2420 possent.
909 2339 1006 2403 Ita
1028 2350 1197 2401 metu
1232 2338 1431 2401 coacti
1463 2339 1869 2403 obticnerunt.

490 2456 563 2517 At
587 2457 959 2540 Nicephorus
993 2459 1287 2540 Gregoras
1318 2481 1395 2521 ne
1420 2469 1551 2521 tum
1581 2458 1825 2541 quidem
1848 2457 2113 2538 lingnam
2143 2457 2519 2520 calamumvc

214 2589 227 2600 .
331 2542 651 2603 continuit:
695 2545 801 2604 sed
845 2545 1086 2629 scriptis
1123 2547 1202 2606 ad
1227 2546 1664 2629 Trapeznntios
1702 2554 1763 2604 et
1808 2543 1885 2604 ad
1921 2544 2176 2624 Cyprios
2210 2543 2433 2605 amicos
2460 2542 2517 2623 ο)

324 2626 529 2688 litteris
570 2629 966 2710 Byzantinsm
1011 2632 1319 2692 ecclesiam
1359 2651 1679 2714 perversae
1718 2628 2030 2690 doctrinae
2070 2630 2408 2707 accusavit,
2453 2637 2519 2688 et

320 2710 393 2771 ab
437 2734 532 2790 ea,
571 2715 743 2775 velut
784 2715 993 2776 morbo
1040 2716 1262 2778 infecta
1281 2762 1298 2795 ,
1356 2726 1430 2777 ut
1475 2717 1853 2790 secederent,
1898 2734 1997 2774 eos
2039 2713 2515 2775 commonefecit.

316 2797 475 2872 Quin
504 2808 565 2859 et
588 2799 902 2884 Principes
927 2801 1094 2882 ipsoe
1125 2802 1432 2866 criminari
1459 2822 1639 2862 ausus
1666 2809 1772 2861 est.
1860 2798 2261 2872 Quamobrem
2285 2798 2359 2875 ei,
2405 2797 2518 2858 do·
2635 2875 2644 2883 .

310 2902 444 2943 mus
491 2905 637 2944 suae
666 2886 995 2965 parietibus
1024 2897 1196 2969 septo
1225 2898 1285 2948 et
1316 2888 1553 2948 incluso
1572 2933 1589 2964 ‚
1635 2883 1912 2946 custodes
1942 2884 2222 2943 monachi
2254 2882 2519 2964 appositi

308 2980 467 3030 sunt.
550 2970 847 3031 Nimirum
875 2972 1000 3047 ille,
1045 2973 1155 3033 etsi
1177 2972 1450 3033 habitum
1478 2969 1824 3050 religiosum
1853 2991 1976 3029 non
2001 2970 2205 3029 induit
2233 2968 2348 3027 nisi
2375 2974 2520 3048 post

305 3075 532 3114 annum
564 3056 783 3115 aetatis·
808 3057 1361 3137 quinquagesimum
1393 3067 1651 3132 sextum,
1701 3066 1900 3115 tamen
1928 3054 2090 3134 apud
2117 3052 2351 3112 Chorae
2380 3071 2519 3111 mo·-

300 3140 533 3200 nachos
559 3141 939 3202 domicilium
976 3144 1092 3202 sibi
1125 3144 1447 3204 admodum
1482 3141 1716 3203 iuvenis
1749 3140 2173 3215 constituerat,
2218 3157 2288 3196 ac
2324 3134 2519 3196 Theo-

300 3224 454 3285 doro
497 3226 889 3304 Metochitae,
928 3238 1002 3289 ut
1040 3230 1159 3288 iam
1206 3230 1436 3289 dictum
1477 3236 1585 3301 eat,
1647 3223 2092 3284 commendatae
2136 3222 2262 3282 eius
2299 3242 2518 3281 mona-

296 3310 472 3370 sterii
515 3311 1052 3373 administrationis
1079 3315 1309 3375 socium
1340 3335 1403 3374 se
1433 3321 1495 3372 et
1523 3310 1821 3371 vicarium
1852 3308 2179 3369 addiderat.
2264 3307 2430 3381 Quin
2458 3315 2521 3367 et

295 3405 552 3456 mortno
592 3407 960 3458 successerat
998 3398 1066 3458 in
1112 3398 1602 3480 procurationem
1646 3405 1706 3456 et
1754 3394 2269 3454 conservationem
2315 3413 2521 3454 rerum

299 3481 579 3541 eiusdem
622 3482 898 3542 coenobii
932 3485 1413 3565 praecipuarum.
1498 3481 1768 3543 Habebat
1814 3479 2018 3560 itaque
2060 3479 2126 3539 in
2155 3478 2518 3537 monasterio

296 3566 623 3647 propriam
674 3577 736 3627 et
784 3567 857 3630 ab
884 3569 1016 3629 aliis
1044 3580 1375 3650 separatam
1398 3569 1679 3644 domum;
1722 3566 2007 3626 humilem
2061 3564 2301 3644 quidem
2327 3563 2517 3639 illam,

296 3661 363 3713 et
387 3652 579 3713 nulla·
594 3651 693 3712 sui
716 3664 890 3733 parte
911 3654 1041 3716 vias
1066 3656 1347 3736 publicas
1374 3655 1783 3735 attingentem,
1823 3650 1880 3713 si
1902 3647 2280 3732 patriarchae
2308 3646 2520 3708 Philo-

368 3867 2107 4012 1)οἪοεέ;ἐὲέ·ὲᾞᾚξὲεςτ;ητ;ὲξῖεεῃεῡ
2135 3865 2251 4002 ²23·
2276 3862 2522 3986 affl:

442 4014 668 4076 pserunt
709 4010 1094 4080 metropolitani
1149 4009 1362 4080 propria
1406 4009 1610 4079 quidem
1664 4025 1816 4063 manu
1865 4004 2054 4075 viginti
2098 4001 2355 4073 quinqu03
2417 4002 2521 4054 duo

446 4083 620 4130 aum
669 4076 770 4131 διὰ
804 4082 1057 4147 γνωμῶν.
1125 4081 1403 4134 Affuerunt
1435 4086 1712 4148 praeterea
1758 4074 1990 4160 episcopi
2026 4091 2082 4127 se
2117 4081 2252 4135 tem,
2298 4077 2362 4154 u}
2398 4086 2526 4123 oon-

445 4150 556 4198 ctat
586 4159 656 4198 ex
685 4148 1147 4218 &scriptionibus
1183 4148 1568 4220 pseudosynodi
1604 4146 1936 4202 Palamticae
1951 4181 1970 4208 ‚
2017 4161 2051 4196 a
2140 4139 2381 4226 ‘mbefisio
2407 4137 2526 4193 edi—

442 4219 549 4267 tae.
637 4214 835 4271 Tamen
892 4218 946 4270 G
1075 4235 1165 4273 ras
1215 4218 1348 4271 duos
1391 4223 1592 4272 tantum
1638 4223 1696 4270 et
1731 4214 1924 4285 viginti
1964 4218 2239 4268 nemitos
2282 4209 2526 4262 affirmat.

444 4279 507 4351 4)
529 4281 749 4338 Infesto
772 4289 873 4341 Ass
1068 4288 1167 4341 nis.
1281 4287 1351 4358 6)
1376 4287 1517 4340 nist.
1559 4285 1650 4342 lib.
1685 4301 1817 4338 nr.
1854 4300 1969 4353 cap.
2000 4280 2095 4335 ult.
2200 4279 2264 4347 6)
2285 4276 2525 4350 Inprimis

444 4351 827 4424 &Georgium
858 4355 1152 4427 Lapitham.
1220 4355 1652 4413 vid-cautam.
1684 4352 1949 4411 nint-lib.
1981 4366 2061 4405 tv.
2095 4345 2261 4405 c.24.

395 4435 721 4509 Νωφιοη.
753 4441 982 4515 angor.
1048 4441 1162 4497 ναι.
1198 4440 1243 4496 1.
2076 4441 2113 4481 ο
