3094 4876
523 369 653 429 vul,
1147 357 1266 427 10.
1305 354 1641 429 Bolvlm
1676 353 2186 426 DEDICATIO.

527 518 738 596 Mag-na
783 514 935 576 haec
984 525 1046 578 et
1098 517 1423 599 praeclara.
1508 515 1631 576 Sed
1674 516 1929 576 ulterius
1970 514 2185 576 deinde
2221 515 2552 596 progressis
2589 536 2717 577 non
2803 534 2824 559 ·

528 619 763 680 minora
803 628 1159 696 occurrunt3
1202 619 1568 680 Francorum
1612 617 1820 697 ingens
1852 618 2178 695 exercitus,
2221 618 2332 677 sub
2360 621 2606 678 Camsrr
2629 617 2718 677 si-

527 722 661 800 gnis
704 721 993 781 militans:
1037 720 1175 782 Asia
1213 719 1489 781 subactas
1537 739 1634 781 res
1673 728 1835 780 terra
1884 727 1946 778 et
1994 719 2144 779 mari
2191 740 2227 778 a
2257 720 2531 800 Canono,
2574 719 2719 780 Divi

526 824 828 884 Lunovrcr
864 823 1080 901 fratre,
1126 831 1335 882 contra
1378 820 1727 882 Michaelem
1772 821 2184 900 Palaeologum
2212 823 2450 885 fortiter
2484 833 2678 904 gestae
2698 845 2716 881 ε

531 925 951 986 Catalanorum
997 925 1248 1006 denique
1291 923 1454 1001 (nam
1495 934 1557 985 et
1598 922 1817 983 horum
1844 923 2033 1001 gloria
2063 923 2140 984 ad
2165 944 2276 985 nos
2307 923 2593 1013 pertinet)
2618 926 2722 988 vi-

531 1027 753 1088 ctoriae
795 1026 1174 1088 incredibiles
1216 1028 1291 1088 de
1330 1025 1581 1104 Turcis,
1623 1026 1699 1086 de
1738 1022 2079 1106 Byzantiis,
2123 1024 2199 1087 (le
2238 1029 2507 1095 Achaeis.
2587 1029 2721 1106 His,

527 1131 665 1190 Rnx
688 1129 963 1207 Mum,
1005 1128 1370 1190 ornamentis
1399 1128 1716 1208 insignem,
1761 1138 1822 1188 et
1849 1128 2092 1190 virtutis
2114 1130 2432 1191 Francicae
2467 1130 2722 1212 quibus-

532 1232 670 1293 dam
715 1233 881 1313 quasi
912 1233 1240 1293 luminibus
1265 1231 1648 1309 illustratam,
1694 1230 2025 1310 ,ΝἶοεΡΙιοι-ιῖ
2072 1230 2376 1311 Gregorae
2400 1233 2724 1294 Historiam

528 1335 818 1414 benigne,
858 1343 933 1395 ut
976 1356 1188 1416 spero,
1228 1343 1590 1416 excepturus
1635 1353 1715 1392 es.
1798 1330 1993 1391 Habet
2034 1351 2179 1392 vero
2211 1334 2552 1394 Histoi-icus
2597 1335 2728 1416 ipse

528 1437 739 1497 laudes
781 1435 1104 1519 proprias,
1161 1455 1415 1517 quarum
1472 1432 1988 1495 commendatione
2048 1414 2343 1514 optimum
2388 1433 2728 1515 Principem

530 1538 708 1600 facile
734 1539 847 1600 sibi
870 1539 1174 1618 conciliet3
1203 1536 1406 1599 nobile
1435 1535 1601 1617 apud
1613 1555 1754 1597 suos
1782 1534 2147 1615 Philosophi
2172 1557 2390 1597 nomen
2410 1558 2430 1598 ε
2457 1537 2728 1596 omnium

535 1641 662 1703 fere
688 1641 1097 1703 doctrinarum
1129 1638 1561 1720 professionem
1581 1637 1916 1720 publicam:
1947 1634 2381 1719 Imperatorum
2410 1638 2728 1700 familiari-

533 1752 751 1803 tatem:
791 1761 1099 1825 supremae
1134 1741 1203 1800 in
1227 1738 1495 1802 Ecclesia
1523 1739 1753 1800 Graeca
1797 1738 2102 1817 dignitatis
2143 1739 2399 1820 insignia
2442 1741 2729 1822 repudia-

535 1853 630 1904 ta:
673 1852 735 1904 et
774 1840 923 1926 (quo
963 1842 1123 1904 nihil
1159 1840 1322 1925 apud
1355 1842 1477 1920 Te,
1517 1840 1824 1919 religionis
1864 1860 2041 1902 verae
2088 1841 2490 1921 defensorem,
2531 1844 2726 1902 maius

536 1946 810 2007 futurum
846 1942 972 2027 est)
1011 1945 1247 2008 labores
1288 1965 1404 2027 pro
1434 1952 1599 2005 recta
1633 1942 1802 2003 Fidei
1829 1940 2105 2004 doctrina
2132 1943 2212 2004 ad
2243 1955 2571 2006 extremum
2593 1945 2725 2027 spi-

535 2049 726 2109 ritum
752 2046 1090 2111 exhaustos.
1174 2047 1290 2108 Sed
1314 2045 1459 2128 quid
1487 2065 1596 2125 ego
1631 2042 1784 2105 haec
1809 2044 2065 2123 Tecum,
2105 2046 2242 2111 Rex
2265 2046 2724 2125 Aucusrtssmn,

540 2150 734 2212 alieno
784 2149 965 2233 plane
992 2149 1307 2234 tempore?
1350 2169 1490 2210 cum
1516 2166 1724 2209 omnes
1761 2147 2144 2225 cogitationes
2176 2148 2330 2208 Tuas
2359 2158 2456 2209 tot
2475 2158 2534 2209 et
2561 2157 2730 2207 tants

538 2253 776 2332 negotia
834 2251 952 2313 sibi
1009 2252 1360 2331 vindicant3
1434 2268 1576 2309 cum
1643 2247 1940 2326 cogendae
1996 2249 2396 2331 undecunque
2447 2249 2730 2329 legiones,

545 2353 760 2414 classes
803 2351 1157 2429 armandae,
1198 2350 1521 2412 munienda
1558 2349 1815 2430 oppida3
1857 2345 2061 2409 hostes
2101 2369 2228 2409 non
2263 2352 2485 2411 nostris
2517 2351 2728 2430 solum,

545 2455 651 2517 sed
687 2464 749 2516 et
790 2453 1092 2515 sociorum
1119 2452 1338 2515 finibus
1370 2450 1646 2529 arcendi3
1691 2470 1829 2511 cum
1869 2449 2127 2532 denique
2158 2462 2219 2512 et
2243 2455 2609 2536 populorum
2630 2476 2732 2514 sa-

543 2558 663 2636 lus,
704 2565 767 2617 et
792 2558 1016 2635 Regum
1045 2555 1258 2633 tutela,
1290 2565 1351 2617 et
1389 2552 1574 2614 totius
1600 2571 1790 2634 paene
1814 2551 1978 2613 orbis
2007 2562 2305 2616 terrarum
2342 2576 2486 2617 cura
2511 2556 2729 2637 provi·

542 2658 806 2721 dentiam
828 2660 1015 2719 Tuam
1048 2656 1125 2718 ad
1159 2677 1221 2717 se
1246 2664 1554 2718 revocant.
1601 2654 1783 2716 Plura
1813 2654 2042 2718 desino.
2081 2656 2165 2718 At
2186 2659 2313 2731 Tu,
2353 2659 2576 2721 Brenn
2601 2680 2731 2721 m-

541 2781 723 2841 xms,
762 2770 893 2822 tum
921 2757 1291 2842 sapientibus
1317 2756 1606 2836 consiliis,
1648 2765 1782 2818 tum
1810 2758 1990 2819 armis
2018 2758 2366 2832 victricibus
2389 2760 2547 2821 bella
2569 2782 2732 2822 com-

542 2883 735 2945 pone;
777 2872 878 2941 ut,
919 2881 1068 2945 pace
1101 2859 1385 2944 hostibus·
1411 2860 1738 2943 imperata,
1779 2859 1911 2919 Tibi
1953 2868 2015 2921 et
2059 2863 2205 2924 Tuis
2252 2862 2497 2941 longum
2539 2864 2728 2928 vivas.

540 2966 704 3027 Haec
728 2973 872 3027 sunt
896 2975 1040 3027 vota
1062 2962 1322 3046 publica.
1405 2960 1538 3022 Hoc
1567 2959 1815 3041 Religio,
1861 2960 1979 3024 hoc
2012 2965 2287 3025 alumnae
2319 2966 2513 3044 Tuae,
2555 2968 2729 3029 Artes

545 3079 606 3128 et
655 3068 949 3130 Scientiae
967 3089 985 3145 ;
1042 3065 1164 3128 hoc
1194 3064 1370 3127 novis
1405 3062 1677 3146 quotidie
1722 3084 1836 3146 per
1873 3067 1960 3127 Te
2000 3067 2213 3151 opibus
2251 3069 2564 3150 florentes,
2621 3070 2729 3134 Bi-

542 3169 842 3230 bliotheca
879 3169 1062 3249 Regia
1098 3179 1160 3231 et
1182 3169 1488 3251 Luparaea
1509 3164 1909 3250 typographia
1946 3188 2179 3232 mecum
2203 3181 2445 3234 vovent.
