3094 4876
496 230 574 277 vx
1341 215 2012 287 PRAEMONITUM.

496 374 755 467 paruit,
796 394 1015 463 neque
1061 372 1198 441 eius
1240 392 1399 440 cura
1440 371 1618 439 ultra
1655 371 1910 438 librum
1948 372 2332 443 vicesimum
2375 386 2693 463 quartum

498 494 840 584 processit.
928 492 1051 559 llla
1090 504 1432 582 postrema
1476 493 1699 581 operis
1734 516 1888 582 pars
1934 493 2300 559 etiamnum
2347 495 2584 561 inedita
2621 495 2694 559 in

502 611 900 680 bibliotheca
925 613 1268 693 Vaticana,
1308 611 1556 700 partim
1590 610 1790 676 etiam
1821 611 1891 677 in
1922 611 2241 692 Parisina,
2284 612 2477 694 latet;
2520 612 2696 679 unde

502 744 582 800 ut
607 733 677 798 in
702 732 918 799 lucem
943 731 1496 817 eruditorumque
1524 751 1723 795 usum
1761 729 2109 818 aliquando
2137 731 2448 820 prodeat,
2496 731 2699 818 idque

504 853 930 942 potissimum
964 872 1171 938 opera
1199 847 1293 914 ill.
1319 848 1530 929 Hasfi,
1577 850 1694 938 qui
1726 850 1861 916 eius
1887 852 1987 916 rei
2013 874 2208 939 spem
2230 849 2410 931 fecit,
2453 850 2698 914 harum

504 971 883 1037 litterarum
920 990 1113 1036 causa
1156 966 1580 1035 vehementer
1639 979 1975 1058 optamus.
2069 969 2266 1035 Nunc
2308 970 2375 1035 id
2428 992 2702 1059 operam

507 1089 840 1171 dedimus,
885 1100 964 1154 ut
987 1085 1352 1177 Nicephori
1388 1084 1701 1168 historia,
1744 1102 2068 1177 quatenus
2108 1089 2178 1154 in
2215 1088 2496 1156 editione
2525 1087 2703 1152 Pari-

509 1210 648 1274 sina
684 1219 972 1290 extaret,
1025 1209 1099 1272 in
1139 1207 1273 1275 hoc
1320 1207 1849 1295 Byzantinorum
1917 1209 2342 1296 Scriptorum
2401 1209 2706 1296 Corpore

511 1327 592 1393 ad
627 1325 921 1395 eiusdem
972 1326 1270 1393 editionis
1323 1325 1527 1392 fidem
1590 1324 2018 1392 exhiberetur
2069 1338 2268 1415 atque
2325 1325 2522 1408 adeo,
2576 1349 2707 1392 no-

508 1467 631 1512 vae
672 1447 1135 1535 recognitionis
1179 1465 1336 1510 cura
1385 1454 1718 1532 suscepta,
1771 1445 2131 1512 correctior
2187 1444 2441 1531 aliquot
2494 1445 2709 1532 parti-

509 1565 635 1631 bus
679 1577 744 1632 et
792 1565 1198 1631 emendatior
1221 1561 1539 1651 prodiret.
1625 1560 1704 1627 In
1731 1583 1870 1650 quo
1902 1584 2138 1650 genere
2195 1562 2492 1628 multum
2541 1561 2712 1627 mihi

512 1682 777 1773 profuit
829 1682 1097 1771 insignis
1134 1681 1467 1748 variarum
1501 1681 1868 1748 lectionum
1894 1684 2120 1770 copia,
2165 1703 2368 1771 quam
2398 1682 2711 1749 Boivinus

516 1824 670 1868 cum
712 1802 848 1868 aliis
886 1825 922 1867 e
961 1800 1321 1880 codicibus,
1362 1811 1512 1865 tum
1536 1802 1892 1890 praecipue
1923 1824 1959 1866 e
1991 1801 2280 1867 Parisino
2321 1804 2522 1879 2558,
2566 1803 2713 1866 exi-

512 1922 685 1988 miae
709 1920 1021 1987 bonitatis
1053 1919 1264 2002 libro,
1302 1920 1559 1986 curiose
1595 1931 1973 2008 congestam
2004 1922 2076 1986 in
2114 1919 2520 2008 marginibus
2563 1919 2715 1985 edi-

514 2040 713 2105 tionis
747 2061 902 2105 suae
928 2040 1172 2128 posuit.
1258 2037 1544 2104 Adhibui
1576 2050 1916 2127 praeterea
1945 2037 2317 2104 lectionum
2359 2040 2716 2120 varietates,

519 2179 685 2247 quas
729 2181 766 2224 e
794 2158 1014 2225 codiee
1041 2156 1352 2224 Vaticano
1394 2154 1573 2221 idem
1611 2158 1986 2224 amicorum
2030 2179 2230 2245 opera
2270 2157 2723 2224 describendas

521 2288 900 2356 curaverat,
943 2273 1056 2340 sed
1082 2295 1236 2339 cum
1264 2273 1513 2355 serius,
1557 2294 1762 2361 quam
1796 2273 2148 2362 oportebat
2165 2322 2188 2356 ,
2229 2274 2446 2341 Roma
2492 2274 2724 2366 allatae

521 2405 765 2474 essent,
825 2394 905 2461 ad
952 2391 1196 2459 calcem
1240 2392 1410 2458 tomi
1445 2392 1716 2458 secundi
1760 2394 1935 2460 inter
1972 2393 2443 2461 Annotationes
2475 2394 2724 2460 reiece-

521 2524 646 2579 rat.
728 2513 899 2580 Hinc
923 2536 1026 2580 eas
1051 2513 1125 2577 in
1161 2511 1340 2579 sedes
1362 2532 1511 2577 suas
1536 2511 1839 2580 revocavi
1863 2523 1929 2580 et
1954 2514 2011 2578 si
2042 2535 2211 2602 quae
2240 2511 2593 2578 Wolfianis
2621 2512 2726 2579 le-

528 2632 856 2698 ctionibus
890 2631 1196 2700 meliores
1238 2632 1410 2698 visae
1447 2641 1691 2711 essent,
1727 2631 1801 2695 in
1842 2653 2068 2721 ipsum
2121 2631 2486 2701 verborum
2542 2632 2728 2698 ordi-

529 2774 685 2817 nem
744 2751 997 2818 admisi.
1110 2749 1314 2831 Quod
1377 2749 1500 2815 ubi
1553 2748 1928 2817 faciendum
1973 2751 2246 2841 putavi,
2295 2764 2482 2819 vetus
2531 2750 2727 2819 lectio

530 2871 751 2959 prima
783 2870 1105 2937 Wolfiani
1142 2869 1433 2936 nominis
1459 2869 1683 2936 littera
1711 2870 2056 2958 diligenter
2089 2870 2368 2937 indicata
2393 2882 2514 2937 est.
2600 2872 2731 2938 Ce-

531 3001 757 3055 terum
796 2989 1119 3078 quidquid
1167 2988 1578 3077 marginibus
1620 2989 1921 3056 editionis
1961 2990 2289 3056 Paris-inae
2322 2990 2730 3079 adscriptum

531 3106 809 3194 legitur,
868 3110 1052 3195 quod
1103 3131 1246 3174 rem
1308 3107 1600 3175 criticam
1655 3130 1792 3174 non
1840 3108 2151 3197 attingat,
2196 3107 2263 3175 id
2299 3131 2502 3197 genus
2540 3120 2732 3175 nota-

540 3248 698 3291 rum
748 3248 953 3292 omne
999 3227 1553 3294 Annotationibus
1621 3229 1779 3319 ipsis
1823 3228 2147 3312 inseram,
2209 3252 2379 3318 quae
2429 3241 2734 3299 extremo

538 3345 725 3435 operi
753 3344 1255 3433 subiungentur.

707 3464 1082 3533 Scribebam
1105 3465 1403 3548 Bonnae,
1446 3488 1676 3534 mense
1696 3469 2001 3557 Augusto
2029 3492 2085 3537 a.
2117 3474 2297 3540 1828·
2402 3456 2412 3470 ’
