3094 4876
1176 354 1688 427 PRAEFATIO.
2456 366 2536 414 ιι

336 520 663 583 Wolfianoa
690 525 752 578 et
776 514 854 579 ad
880 516 1024 578 illoa
1039 535 1165 595 aex,
1191 516 1295 596 qui
1320 535 1501 597 penea
1531 536 1626 575 me
1658 522 1845 590 eraut,
1875 513 2115 594 adiecti,
2125 513 2418 576 librorum
2447 514 2539 576 vi-

326 624 483 704 ginti
510 643 623 683 aex
647 640 969 681 numerum
999 619 1349 681 efficiebant.
1392 620 1536 679 Post
1560 617 1913 698 vigesimum
1945 626 2182 678 sextum
2210 617 2415 678 deerat
2437 618 2542 677 ad-

219 766 244 795 .
324 724 451 786 huc
482 725 659 784 nobis
686 723 1008 802 vigesimus
1032 723 1335 804 septimae.
1420 723 1698 782 Caeteros
1725 721 1788 779 iu
1824 718 2194 787 Bibliotheca
2217 722 2396 801 Regia
2433 721 2544 781 ha.

324 828 644 903 habmus,
698 826 972 907 exceptio
999 826 1261 907 quinque
1290 825 1540 889 ultimis.
1624 823 1887 886 Tandem
1916 832 1976 882 et
1998 822 2065 881 hi
2102 843 2374 904 quoque,
2418 843 2541 884 una

329 951 467 990 cum
505 929 791 1009 vigesimo
835 928 1087 1010 septimo
1104 973 1122 1006 ‚
1178 928 1397 1007 integri
1446 929 1525 989 ad
1580 949 1692 989 noa
1751 935 2154 1009 pervenerunt
2168 973 2186 1003 ,
2247 925 2544 989 Friderici
2645 924 2652 929 ’

328 1031 705 1110 Roatgaardii
736 1030 958 1094 nobilia
984 1032 1139 1091 Dani
1189 1052 1373 1114 opera
1411 1041 1474 1093 et
1501 1032 1866 1116 sumptibua3
1922 1051 2041 1111 qua
2084 1029 2327 1113 quidem
2358 1030 2435 1092 de
2473 1048 2544 1092 re

331 1136 485 1196 infra
531 1135 751 1194 fuaiua.

497 1237 669 1296 Inter
695 1235 846 1297 haec
873 1237 1169 1317 aequitate
1198 1246 1258 1298 et
1271 1236 1682 1299 moderatione
1704 1238 1955 1299 victoria
1977 1234 2357 1297 LUDOV'ICI
2391 1233 2540 1296 MA-

286 1403 297 1413 ,
345 1339 481 1399 GN!
508 1359 625 1421 pax
655 1340 930 1421 Europae
970 1341 1247 1400 restituta
1279 1350 1389 1402 eat.
1473 1341 1720 1401 Solutus
1768 1342 1888 1400 iam
1921 1338 2267 1419 urgentibus
2313 1337 2544 1399 diffici-

351 1441 485 1501 lium
528 1450 870 1523 temporum
907 1442 1071 1503 curia
1116 1442 1304 1522 Regni
1341 1441 1690 1502 administer
1732 1441 1925 1526 (nunc
1970 1443 2253 1502 Franciae
2289 1442 2545 1501 Cancel-

347 1542 546 1626 lariua)
572 1545 932 1604 Lunovicua
960 1545 1533 1607 Pomona-mamus
1568 1546 1644 1606 ad
1673 1566 1772 1623 ea,
1815 1565 1967 1626 quae
1995 1542 2110 1604 eibi
2137 1546 2547 1606 commendata

341 1668 376 1707 a
400 1648 557 1727 Rege
587 1657 759 1709 erant
777 1691 796 1724 ,
838 1646 1007 1727 pacia
1049 1658 1396 1712 ornamenta
1438 1647 1859 1732 amplificanda
1903 1658 2102 1710 totum
2147 1668 2210 1709 ae
2247 1649 2448 1709 animo
2481 1657 2543 1710 et

343 1750 699 1829 cogitatione
727 1749 1046 1815 convertit.
1140 1811 1148 1817 .

507 1853 846 1934 Luparaeae
888 1853 1169 1916 officinae
1202 1862 1384 1936 typos
1424 1854 1717 1931 Graecos,
1788 1856 2055 1916 omnium
2113 1858 2222 1938 qui
2275 1876 2547 1936 unquam

346 1952 588 2014 fumat
630 1955 1133 2035 elegantissimos,
1176 1958 1420 2019 inutilea
1470 1967 1532 2018 et
1588 1959 1813 2018 otioeoa
1855 1979 2073 2019 vacare
2111 1979 2284 2039 aegre
2321 1959 2551 2019 ferebat

348 2055 595 2117 Ioum
640 2058 881 2121 Patmos
928 2060 1259 2120 Bmuomus
1280 2106 1297 2136 ‚
1355 2060 1554 2120 Abbae
1599 2059 2039 2136 nobilissimae,
2114 2061 2323 2121 Cornea
2364 2058 2551 2120 hodie

356 2159 857 2222 consistorianua:
900 2163 1003 2242 qui
1031 2162 1164 2243 ipao
1191 2161 1336 2223 belli
1358 2171 1666 2244 tempore,
1712 2181 1851 2220 cum
1875 2161 2210 2221 avunculus
2231 2161 2552 2221 Poncm-

368 2279 632 2320 πως-εισι
658 2262 915 2324 infinitis
944 2265 1196 2344 negotiis
1228 2265 1707 2344 distringeretur,
1753 2263 1921 2345 Reip.
1948 2262 2273 2324 litterariae
2308 2271 2369 2322 et
2392 2261 2551 2322 Aca-

363 2362 672 2424 demiarum
699 2365 836 2424 iura
866 2366 956 2426 aic
986 2376 1218 2429 tutatue
1241 2369 1453 2445 fuerat,
1496 2377 1566 2428 ut
1592 2376 1653 2427 et
1686 2385 1828 2428 auua
1857 2366 2076 2427 litteris
2101 2364 2296 2426 honos
2326 2385 2549 2448 perpe-

350 2475 451 2526 tuo
482 2477 616 2528 tum
646 2468 1016 2549 conatiterit,
1059 2480 1122 2532 et
1147 2472 1299 2533 viria
1332 2470 1705 2533 Academicis
1737 2469 1999 2552 praemia
2036 2470 2111 2530 de
2147 2489 2314 2530 more
2341 2489 2550 2551 pereo-

349 2567 472 2628 luta
494 2570 639 2638 sint.
722 2571 798 2631 Ei
826 2571 1044 2653 igitur,
1086 2576 1315 2655 pacatis
1351 2576 1471 2635 iam
1503 2584 1566 2635 et
1589 2573 1945 2654 ,tranquillis
1967 2572 2146 2634 rebua
2166 2617 2185 2650 ,
2230 2593 2373 2633 cura
2401 2571 2551 2632 haec

346 2672 459 2731 fuit
480 2692 608 2733 non
643 2682 981 2755 postrema,
1035 2675 1294 2739 Graecos
1334 2678 1520 2738 libroa
1568 2686 1851 2757 typorum
1879 2675 2196 2756 Regiorum
2230 2675 2365 2738 luce
2400 2675 2551 2735 illu-

348 2783 557 2837 strare.
639 2774 815 2835 Unde
838 2786 898 2836 et
926 2796 1054 2854 me,
1095 2778 1277 2859 longo
1318 2779 1737 2841 familiaritatis
1773 2797 1887 2839 uau
1934 2778 2358 2855 coniunctum,
2397 2776 2551 2837 hor-

345 2887 508 2938 tatus
550 2886 681 2955 eat,
718 2885 794 2937 ut
818 2879 1146 2962 Nicephori
1177 2881 1473 2961 Gregorae
1502 2880 1751 2962 scripta,
1796 2899 1947 2960 quae
1977 2889 2186 2968 parata
2209 2879 2429 2941 habere
2458 2900 2555 2941 me
2653 2903 2660 2908 ·

343 2980 581 3061 saepiae
624 2979 907 3042 dixissem
921 3027 942 3060 ,
985 2984 1153 3064 Regii
1178 2983 1577 3067 typographei
1605 2983 1825 3066 praelia
1866 2983 2297 3043 committerem
2340 3002 2555 3059 quam-

341 3084 634 3167 primum.
718 3084 845 3164 Ego
873 3104 1018 3146 vero
1043 3088 1546 3169 permittentibus,
1588 3088 1772 3148 immo
1799 3085 2141 3146 iubentibus
2163 3083 2261 3160 iia,
2304 3101 2558 3161 quorum

344 3207 582 3248 aumma
604 3197 698 3247 eat
723 3186 888 3269 apud
906 3208 1002 3248 me
1015 3190 1363 3267 auctoritas,
1387 3192 1648 3252 oblatam
1669 3189 2048 3248 occasionem
2075 3185 2277 3247 atatim
2297 3185 2414 3247 arri
2418 3185 2557 3266 pui3

238 3351 249 3364 ,
345 3299 415 3350 et
443 3289 652 3371 paucis
679 3297 821 3370 poet
845 3287 1052 3350 diebus
1081 3292 1253 3353 Tomi
1281 3293 1462 3375 primi
1488 3290 1674 3353 editio
1703 3301 1915 3373 coepta
1937 3299 2043 3353 eat.
2105 3290 2239 3365 Qua
2268 3287 2335 3348 in
2363 3295 2555 3370 parte,

351 3392 642 3473 quoniam
668 3390 925 3454 Wolfiua
947 3393 1099 3455 mihi
1122 3395 1384 3478 praeivit
1401 3440 1422 3476 ,
1459 3393 1612 3479 quid
1652 3393 1938 3477 privatim
1975 3394 2105 3478 ipae
2155 3391 2558 3475 praeatiterim

349 3513 672 3577 exponam.

518 3598 685 3659 Inter
722 3596 961 3660 codices
1001 3602 1444 3686 manuscriptoa
1483 3598 1891 3664 Bibliothecae
1919 3597 2131 3679 Regiae
2169 3617 2332 3659 unua
2365 3595 2559 3657 char-

350 3709 593 3778 tacaua,
635 3699 736 3760 cui
774 3702 1101 3784 inscriptus
1127 3715 1221 3766 eat
1249 3724 1536 3766 numerus
1584 3704 1786 3780 2558,
1823 3686 2065 3784 praeter
2113 3700 2428 3762 historiam
2482 3719 2558 3759 o·-

353 3821 557 3863 mnem
583 3801 1130 3884 Pachymerianam,
1171 3806 1359 3869 libros
1396 3808 1697 3887 Gregorae
1722 3804 2044 3866 historicon
2068 3803 2351 3865 undecim
2382 3823 2563 3862 com-

353 3903 686 3985 plectitur,
747 3925 848 3966 eoa
897 3908 1182 3970 videlicet
1228 3910 1333 3991 qui
1380 3931 1417 3970 a
1468 3908 1691 3969 Wolfio
1730 3908 1996 3990 primum
2044 3905 2191 3968 editi
2245 3914 2405 3968 aunt.
2491 3905 2562 3965 [n

361 4026 432 4066 eo
474 4007 683 4069 codice
705 4054 726 4085 ,
767 4007 963 4070 bonae
1003 4010 1231 4092 alioqui
1275 4022 1454 4073 notae
1501 4021 1562 4072 et
1604 4010 1749 4072 satis
1792 4012 2042 4092 antiquo
2091 4008 2259 4092 (nam
2310 4008 2574 4089 scriptus

362 4118 454 4169 eat
492 4119 633 4171 ante
667 4120 901 4193 captam
939 4134 974 4173 a
1016 4114 1230 4174 Turcia
1273 4110 1919 4199 Constantinopolin),
1959 4114 2078 4174 hoc
2121 4112 2423 4191 singulare
2466 4118 2577 4185 eet,

365 4212 526 4291 quod
556 4232 711 4293 quae
734 4212 800 4273 in
829 4215 999 4278 libris
1029 4216 1208 4278 editis
1237 4239 1451 4279 manca
1481 4230 1621 4280 aunt
1653 4228 1713 4279 et
1744 4218 2094 4302 imperfecta
2111 4263 2129 4295 ,
2173 4235 2241 4275 ea
2285 4214 2373 4273 ibi
2416 4213 2577 4272 inte·-

364 4332 469 4393 δι’*
493 4314 891 4397 ΐθΡΘῐὶᾶ-ῐὶῑῦῐ.
976 4321 1232 4385 nectant
1256 4331 1454 4388 autem
1475 4321 1544 4385 in
1573 4321 1746 4385 libris
1780 4321 1956 4385 editis
1986 4320 2101 4383 tria
2134 4318 2242 4380 illa
2276 4317 2578 4399 &agmen-
