3094 4876
696 1041 842 1109 10.
925 1014 1415 1113 eoivnu
1480 1044 2204 1117 DEch‘rm.

931 1583 1965 1701 LUDO'VI‘CO

1155 1826 1749 1905 MAGNQ

347 2166 524 2277 Rea
555 2234 750 2294 gerere
772 2229 825 2280 et
868 2219 1029 2298 legea
1072 2217 1216 2280 dare
1254 2217 1502 2301 populis
1539 2216 1791 2297 Regium
1829 2223 1939 2287 eat,
2019 2214 2104 2278 At
2145 2235 2271 2276 non
2313 2223 2542 2277 caetera

359 2318 588 2398 omnia,
630 2322 857 2382 tametsi
894 2323 1093 2383 minue
1120 2322 1376 2383 illustria
1410 2330 1585 2399 aunt,
1629 2319 1718 2381 sic
1748 2318 2052 2402 Principes
2083 2339 2327 2399 magnos
2358 2317 2542 2379 dede-

349 2432 506 2500 cent,
545 2433 619 2483 ut
636 2421 869 2485 Artium
901 2446 1137 2506 quoque
1167 2432 1229 2486 et
1253 2425 1645 2486 scientiarum
1678 2446 1884 2485 curam
1904 2422 2229 2504 negligere,
2271 2421 2541 2483 litterae-

346 2546 465 2606 que
496 2536 558 2587 et
576 2525 765 2587 libro·
794 2529 1102 2609 aspernari
1134 2527 1404 2593 debeant.
1488 2527 1622 2588 Hoc
1662 2535 1821 2588 certe
1861 2527 2020 2609 apud
2050 2548 2253 2588 omnea
2283 2536 2537 2605 constat,

343 2627 745 2691 Historiarum
760 2631 1079 2692 lectionem
1094 2631 1298 2693 utilem
1320 2629 1643 2692 admodum
1661 2639 1719 2690 et
1732 2629 2077 2710 frugiferam
2102 2650 2224 2691 eaee
2245 2630 2541 2711 imperan-

344 2730 530 2795 tibus.
609 2731 837 2812 Itaque,
865 2733 999 2792 Rnx
1026 2733 1468 2795 Auens-nasim:
1479 2780 1500 2813 ,
1543 2733 1653 2815 qui
1678 2732 1860 2792 huius
1896 2731 2126 2812 generis
2150 2733 2339 2794 libros
2372 2734 2539 2794 obla-

342 2841 479 2894 tum
512 2834 650 2895 Tibi
675 2833 966 2913 veniunt,
1005 2833 1082 2895 iis
1113 2836 1274 2896 iusta
1299 2836 1457 2897 ratio
1487 2857 1614 2897 non
1641 2835 1838 2907 deest,
1882 2854 2001 2915 qua
2031 2835 2342 2897 audaciam
2370 2856 2541 2896 auam

342 2946 635 2998 excusent
648 2959 669 3016 3
710 2957 906 3019 neque
945 2937 1091 2999 adeo
1130 2939 1352 3002 mirum
1393 2939 1671 3020 cuiquam
1700 2958 1824 2999 eaae
1849 2937 2054 3015 debet,
2097 2937 2264 3018 quod
2293 2958 2399 3018 ego
2426 2937 2539 2998 hoa

340 3059 551 3101 rerum
589 3040 1061 3120 Byzantinarum
1108 3041 1581 3104 Commentarios
1615 3041 1960 3104 Mannum
1996 3039 2164 3100 Tuan
2206 3039 2398 3100 ausim
2439 3040 2542 3099 of..

340 3145 523 3208 ferre.
602 3143 925 3204 Enimvero
952 3162 1048 3205 me
1063 3188 1083 3222 ,
1124 3142 1194 3204 id
1216 3152 1287 3204 ut
1317 3145 1591 3221 facerem,
1634 3142 1907 3225 privatae
1936 3141 2112 3202 etiam
2137 3140 2417 3218 rationes,
2465 3162 2539 3201 ac

342 3264 451 3305 eae
490 3246 731 3325 quidem
771 3265 982 3326 graves
995 3289 1015 3323 ,
1055 3244 1337 3306 timidum
1382 3246 1828 3327 ancipitemque
1860 3243 2270 3326 perpulerunt.
2353 3243 2542 3305 Eccui

346 3345 511 3406 enim
537 3346 761 3409 laboria
792 3348 910 3410 mei
942 3349 1207 3410 fructum
1231 3347 1394 3409 hunc
1426 3357 1486 3408 et
1525 3347 1636 3408 hae
1666 3348 1836 3409 velut
1870 3346 2209 3407 studiorum
2244 3347 2539 3429 primitias

337 3448 547 3530 potina
572 3471 1013 3513 cousecraaaem
1040 3471 1222 3533 quam
1234 3450 1388 3528 Tibi,
1418 3471 1454 3509 a
1481 3470 1604 3529 quo
1628 3449 1695 3510 id
1726 3469 1903 3510 omne
1926 3448 2110 3509 habui
2131 3449 2293 3529 quod
2312 3449 2540 3510 affero?

341 3550 443 3610 Tu
485 3552 703 3631 otium,
747 3555 844 3615 Tu
870 3554 1090 3634 libros,
1131 3555 1227 3614 Tu
1264 3552 1581 3613 facultates
1617 3552 2031 3634 suppeditaati.
2115 3550 2308 3631 Regiis
2356 3552 2541 3633 typis,

341 3651 546 3731 Regii-⁸
597 3656 937 3736 numptibua
974 3657 1120 3717 Tuia
1156 3656 1425 3737 perfecta
1465 3653 1615 3714 haec
1650 3654 1869 3719 Editio.
1956 3653 2126 3735 Opua
2172 3653 2370 3734 ipsum
2408 3674 2541 3714 ma-

343 3774 465 3834 gua
509 3756 625 3816 aui!
643 3766 815 3838 parte
860 3777 936 3819 em
980 3756 1353 3820 Bibliotheca
1391 3756 1524 3816 Tua
1570 3757 1795 3839 prodit.
1878 3755 2062 3831 Quod
2102 3756 2178 3816 ad
2210 3755 2542 3817 Historiam

343 3856 445 3917 hi·
466 3857 639 3919 libris
658 3859 1147 3941 comprehensam
1169 3860 1405 3938 attinet,
1435 3879 1503 3919 ea
1519 3867 1608 3920 eat
1628 3858 1939 3936 eiusmodi,
1968 3866 2039 3918 ut
2054 3857 2329 3919 Francici
2351 3859 2544 3919 nomi·

344 3959 445 4018 nia
486 3980 612 4019 non
653 3960 936 4022 heredem
961 3961 1143 4023 modo
1168 3983 1239 4023 ac
1268 3961 1605 4039 vindicem,
1647 3962 1756 4023 aed
1789 3969 1850 4021 et
1879 3980 2293 4042 quemcunque
2325 3969 2544 4020 amato-

344 4080 510 4137 rem,
564 4062 666 4124 vel
716 4062 913 4144 primo
975 4064 1337 4125 narrationis
1389 4063 1640 4125 exordio
1697 4062 1904 4124 atatim
1956 4063 2215 4123 allectat.
2242 4057 2254 4065 ’
2297 4060 2546 4122 Initium

345 4162 575 4244 quippe
613 4172 738 4242 eat,
787 4175 964 4248 capta
988 4187 1023 4226 a
1056 4168 1280 4228 nostrie
1310 4164 1896 4247 Constantinopolin
1938 4164 2197 4227 divisum
2225 4164 2545 4245 gentilibus

343 4265 499 4327 Tuis
516 4311 537 4344 ,
574 4266 870 4329 Balduino
899 4268 1162 4331 Flandro
1207 4279 1268 4331 et
1289 4270 1599 4330 Ludovico
1624 4266 1917 4346 Bleeenai,
1957 4267 2392 4328 nobilissimum
2423 4265 2547 4324 Im·

347 4368 622 4451 perium:
668 4369 1108 4434 comnenormn
1155 4390 1300 4457 opes
1343 4372 1605 4452 acciaae;
1645 4369 1806 4434 vire·
1838 4370 2080 4433 attritae
2117 4390 2187 4431 ac
2221 4368 2538 4450 dispersae.
