3094 4876
544 277 697 352 420
786 353 793 360 ,
1141 273 1604 348 NICEPHORI
1643 268 2124 342 GBEGORAE

323 465 379 513 Α.
413 459 483 514 Μ.
563 441 651 526 ὥς
685 447 967 513 ἐντεῦθεν
1016 444 1100 520 εἰς
1131 440 1321 507 ὕπνον
1367 439 1721 526 τραπέσθαι
1763 431 2002 510 πάντας
2042 426 2408 516 βαθύτατον
2432 429 2534 494 καὶ
2556 428 2751 512 μηδὲν

323 530 462 647 ⁶13¹
564 552 724 635 πλὴν
751 555 861 615 τοῦ
882 548 1164 612 ἀναπνεῖν
1182 544 1520 609 ἆπεοικέναι
1546 547 1794 627 νεκρῶν.
1847 540 1982 625 περὶ
2008 537 2077 601 δὲ
2097 536 2292 618 μέσας
2312 531 2539 608 νύκτας
2563 529 2755 616 ἥκου-
2836 547 2844 555 “

326 666 467 721 6836
569 678 667 720 σιν
712 651 771 716 οἱ
811 649 923 733 τὴν
964 651 1228 731 κλίμακα
1273 646 1562 733 φέροντες
1597 643 1768 730 παρὰ
1808 641 1881 706 τὸ
1919 650 2150 723 τεῖχος·
2201 636 2280 721 ἣν
2308 636 2500 711 εὐθὺς
2533 632 2755 719 ἀνιμή-

230 737 751 856 Ῑωὲὲῶζξὲὡσαντο
782 762 1024 837 σχοῖνον
1061 746 1444 834 χαλάσαντες
1473 746 1716 811 ἄνωθεν
1745 744 1802 810 οἱ
1835 739 2133 830 προδόται
2146 790 2169 823 ,
2225 740 2316 805 δι’
2358 730 2435 823 ἧς
2469 740 2575 803 καὶ
2603 734 2759 821 ἀνή-

558 881 746 946 γαγον
786 861 911 920 τῶν
949 852 1181 931 ἔξωθεν
1211 848 1474 917 ὁπλιτῶν
1515 850 1922 915 ὀκτωκαίδεκα
1939 866 1955 881 ·
2009 840 2102 920 οἷς
2140 838 2633 926 καταβεβηκόσιν
2661 842 2807 904 lac-5

559 965 892 1044 μοχλεῢσαι
938 956 1167 1046 ῥᾳδίως
1210 954 1324 1037 τὴν
1356 959 1468 1018 τοῦ
1496 948 1812 1034 Ῥωμανοῦ
1856 946 2236 1030 καλουμένην
2263 946 2608 1028 ’ξυμβέβηκε
2639 939 2759 1007 πύ-

562 1069 712 1145 λην,
768 1062 870 1124 καὶ
916 1056 1128 1123 λοιπὸν
1160 1052 1489 1132 ἀκωλύτως
1530 1052 1796 1140 στρατὸς
1830 1047 2129 1137 εῗσεχιόρει
2155 1047 2263 1126 ξύν
2288 1074 2353 1134 γε
2377 1054 2467 1136 τῷ
2493 1052 2757 1129 βασιλεῖ.

508 1161 714 1253 1)(Β.)
756 1155 929 1228 Ἀλλ’
974 1162 1159 1225 ἐκεῖνο
1205 1165 1426 1246 μικροῦ
1463 1183 1540 1250 με
1590 1158 1961 1242 παρέδραμε.
2047 1150 2265 1228 δύντος
2313 1151 2432 1238 γὰρ
2471 1148 2598 1234 ἤδη
2650 1152 2763 1214 τοῦ

562 1264 742 1350 ἡλίου
787 1266 891 1329 καὶ
926 1270 1052 1328 τῶν
1102 1263 1456 1341 Βυζαντίων
1512 1265 1721 1325 πυλῶν
1772 1260 2166 1324 κλεισθεισῶν
2208 1245 2324 1338 ἧκέ
2359 1278 2453 1328 τις
2494 1254 2599 1317 καὶ
2641 1257 2766 1317 τῶν

339 1375 403 1429 V.
437 1376 542 1431 209
576 1368 814 1454 ἔγγιστα
851 1366 1096 1452 χωρίων
1140 1370 1229 1453 τῷ
1275 1361 1485 1451 δρόμῳ
1535 1362 1935 1445 ἀσθμαίνων·
1989 1361 2091 1424 καὶ
2128 1354 2397 1444 κρούσας
2435 1354 2551 1431 τὰς
2589 1353 2765 1440 παρὰ
2781 1363 2839 1416 10

567 1477 645 1558 τῇ
678 1474 741 1535 Γ
732 1470 1029 1553 υρολίμνῃ
1053 1463 1252 1542 πύλας
1276 1462 1825 1552 ἓκπληκτικῶτερον
1859 1459 2052 1528 ἐκάλει
2083 1461 2223 1535 τινὰ
2248 1464 2374 1525 τῶν
2404 1456 2580 1523 ἔνδον
2599 1477 2614 1493 ·
2656 1459 2765 1521 καὶ
2938 1449 2942 1464 ’

336 1577 402 1630 Ρ.
434 1577 537 1635 258
571 1569 821 1638 ἐλθόντι
855 1567 1182 1655 ἑωρακέναι
1237 1567 1461 1655 ἔφασκε
1506 1568 1625 1653 πρὸ
1670 1565 1934 1652 βραχέος
1975 1559 2240 1639 πολλούς
2277 1586 2451 1637 τινας
2491 1567 2614 1626 τῶν
2643 1564 2760 1624 τοῦ

568 1675 706 1741 νέου
734 1673 1036 1757 βασιλέως
1082 1673 1321 1757 σπουδῇ
1358 1666 1884 1757 προσελαύνοντας
1918 1666 2073 1754 πρὸς
2113 1667 2194 1731 τὰ
2224 1667 2359 1752 περὶ
2389 1664 2497 1730 τ“ὂν
2521 1661 2764 1744 Ῥωμα-

573 1776 680 1844 νὸν
705 1778 869 1859 τείχη
913 1781 1028 1858 τῆς
1059 1770 1308 1849 πόλεως.
1380 1771 1529 1860 ὅπερ
1573 1772 1882 1837 ἀκουσθέν
1909 1775 1997 1858 τῷ
2029 1774 2278 1852 βασιλεῖ
2294 1765 2495 1854 φόβον
2521 1766 2769 1846 ἐνέβαλε

572 1885 856 1944 πλεῖστον
902 1879 1005 1941 καὶ
1045 1874 1327 1964 θόρυβον
1360 1876 1665 1959 ἐνεποίησε
1692 1878 2016 1959 λογισμῶν.
2088 1874 2192 1936 καὶ
2220 1869 2422 1948 ἔδοξεν
2457 1870 2769 1946 ἀνοίξαντι
2787 1874 2846 1929 15

574 1979 838 2066 συχνοὺς
864 1986 989 2052 τῶν
1020 1986 1412 2066 στρατιωτῶν
1440 1980 1857 2054 ἐξαποστεῖλαι
1875 2023 1895 2054 ,
1949 1972 2234 2061 φύλακας
2263 1969 2629 2058 περιπόλους
2659 1975 2774 2034 τοῦ

569 2086 859 2168 χερσαίου
884 2081 1319 2167 γενησομένους
1335 2082 1570 2164 τείχους
1587 2063 1705 2145 ἀπό
1725 2075 2049 2160 θαλάττης
2066 2076 2209 2163 ἄχρι
2227 2073 2567 2159 θαλάττης.
2622 2071 2771 2137 ἀλλ’

576 2182 611 2250 ὃ
633 2185 836 2282 ,μέγας
872 2184 1153 2266 ἐμποδὼν
1179 2185 1485 2269 γεγένηται
1524 2182 1894 2268 λογοθέτης,
1952 2178 2200 2257 ἀνάξιον
2233 2175 2382 2244 εἶναι
2411 2175 2622 2265 φήσας
2658 2200 2778 2260 με-

525 2283 989 2374 Βγαλοπρεπέσι
1042 2283 1462 2372 φρονήμασιν,
1531 2283 1830 2351 ἐνδιδόναι
1882 2281 2040 2370 πρὸς
2094 2279 2257 2348 οὕτω
2309 2289 2782 2367 σμικροπρεπεῖς

579 2389 773 2466 ἀκοὰς
816 2392 917 2455 καὶ
964 2386 1178 2476 φήμας
1213 2389 1492 2474 ἀγεννεῖς.
1543 2379 1605 2483 [ἢ
1645 2388 1763 2475 γὰρ
1791 2386 1881 2473 μὴ
1921 2383 2069 2452 εἶναι
2099 2386 2170 2452 τὸ
2200 2385 2473 2469 λαληθὲν
2514 2383 2855 2468 ιἰληθὲς,ω

578 2492 622 2576 ἢ
665 2493 882 2580 μωρὰν
929 2490 1077 2557 εἶναι
1106 2491 1217 2574 τὴν
1249 2493 1648 2575 ἐπιχείρησιν,
1705 2486 2024 2566 τοσούτοις
2065 2487 2277 2565 ὅπλοις
2303 2494 2430 2553 τῶν
2463 2512 2528 2552 τε
2564 2492 2778 2551 πυλῶν

582 2590 738 2676 ὁμοῦ
768 2597 870 2657 καὶ
897 2599 1022 2659 τῶν
1048 2597 1260 2674 τειχῶν
1289 2595 1746 2679 πεφραγμένων.
1812 2591 2042 2659 ταύτὸν
2067 2592 2186 2678 γὰρ
2217 2592 2563 2671 πείσονται,
2619 2593 2674 2654 εἰ
2697 2596 2780 2676 τῇ

582 2693 800 2784 εἰσόδῳ
836 2701 945 2759 νῦν
987 2696 1295 2781 ἐπιχειρεῖν
1327 2694 1684 2780 ἐθελήσαιεν
1715 2696 1774 2761 οἱ
1798 2696 2107 2777 πολέμιοι,
2164 2691 2375 2760 ὁποῖον
2404 2696 2506 2758 καὶ
2535 2693 2594 2759 οἱ
2621 2692 2778 2778 πρὸς

579 2797 798 2885 κέντρα
841 2799 1232 2876 λακτίζοντες.
1303 2801 1481 2863 ταυτὶ
1521 2801 1562 2862 δ
1570 2798 1589 2823 ’
1628 2797 1891 2885 ἔφασκεν
1920 2787 2136 2878 οὗτος,
2189 2796 2305 2861 εἴτε
2334 2795 2438 2861 διὰ
2469 2796 2541 2861 τὸ
2571 2795 2777 2878 ἀδαὴς

721 2926 804 2982 19.
847 2930 1264 2996 σμικροπρεπεῖς
1297 2929 1391 2993 A„
1424 2945 1573 2997 μικρ.
1607 2929 1695 2983 W.
1831 2929 1919 2983 23.
1954 2927 2062 2982 νῦν
2096 2925 2219 2980 add.
2255 2928 2317 2980 Α.

582 3046 755 3082 somno
784 3030 1084 3099 gravissimo
1118 3047 1287 3082 omnes
1320 3031 1587 3100 oppressi,
1621 3030 1959 3100 respiratione
1990 3035 2240 3099 excepta,
2275 3026 2400 3081 nihil
2436 3026 2708 3080 differrent
2743 3043 2779 3080 ι

580 3098 809 3151 mortuis.
877 3100 1051 3153 Media
1072 3107 1223 3152 nocte
1247 3099 1433 3153 adsunt
1462 3100 1545 3169 qui
1588 3101 1752 3153 scalas
1791 3100 1860 3152 ad
1897 3100 2096 3153 moenia
2135 3104 2443 3168 apportent,
2492 3113 2623 3178 quas
2661 3113 2780 3149 mox

579 3164 701 3219 fune
725 3167 1289 3221 demissoattraxerunt
1318 3168 1638 3250 proditores,
1673 3187 1735 3222 ac
1765 3185 1857 3236 per
1881 3185 1971 3220 eas
2006 3169 2277 3220 subvectos
2303 3165 2587 3219 octodecim
2611 3182 2782 3217 arma-

579 3240 662 3287 tos
689 3236 1107 3299 introduxerunt3
1142 3236 1230 3305 qui
1258 3237 1469 3301 deinde,
1503 3255 1617 3290 cum
1654 3238 1708 3290 in
1734 3237 1927 3289 Urbem
1961 3235 2369 3299 descendissent,
2404 3241 2600 3305 portam
2646 3251 2782 3303 quse

579 3304 794 3357 Romani
822 3305 1013 3356 dicitur
1038 3304 1190 3356 facile
1214 3304 1440 3357 demoliti
1466 3314 1618 3370 sunt,
1654 3314 1711 3358 ut
1735 3306 2020 3374 Imperator
2048 3323 2161 3358 cum
2191 3304 2442 3369 exercitu,
2472 3304 2779 3372 probibente

578 3373 797 3431 nemine.
828 3372 1199 3440 ingrederetur.
1252 3374 1376 3441 (ΙΙ.)
1412 3375 1516 3427 Sed
1545 3375 1672 3426 illud
1697 3392 1860 3443 paene
1884 3392 1964 3426 me
1989 3374 2274 3444 praeteriit.
2312 3373 2441 3425 Post
2468 3371 2592 3423 solis
2621 3389 2776 3425 occa-

580 3456 716 3501 sum,
753 3441 992 3507 Byzantii
1018 3442 1180 3511 portis
1219 3441 1437 3506 clausis,
1484 3443 1688 3511 quidam
1716 3462 1745 3496 e
1773 3443 2016 3512 proximis
2060 3442 2202 3512 agris
2244 3442 2490 3494 anhelans
2528 3442 2775 3503 accurrit,

580 3515 636 3560 et
678 3509 1009 3576 Gyrolimnae
1046 3516 1196 3578 porta
1237 3513 1587 3565 vehementius
1621 3512 1827 3582 pulsata
1859 3509 2075 3580 aliquem
2114 3528 2286 3564 eorum
2322 3510 2409 3581 qui
2445 3510 2585 3562 intus
2625 3516 2778 3562 erant

579 3592 796 3659 eyocare
835 3578 1036 3645 coepit,
1082 3585 1135 3630 et
1170 3578 1220 3631 ei
1257 3579 1345 3646 qui
1382 3580 1611 3632 venisset
1643 3580 1807 3643 dixit,
1842 3580 2034 3632 vidisse
2072 3597 2130 3632 se
2167 3580 2318 3649 paulo
2357 3584 2476 3631 ante
2503 3596 2571 3630 ex
2607 3579 2774 3630 iunio-

577 3660 654 3696 ns
694 3645 1021 3728 Imperatoris
1062 3648 1291 3699 exercitu
1335 3648 1618 3718 complures
1634 3687 1651 3713 ,
1710 3651 1800 3718 qui
1843 3651 1913 3703 ad
1947 3649 2109 3701 Urbis
2151 3648 2353 3701 moenia
2394 3648 2606 3700 Romani
2652 3663 2774 3717 por-

576 3720 666 3765 tae
707 3730 880 3767 vicina
921 3732 1033 3767 cum
1083 3715 1408 3769 festinatione
1454 3716 1905 3786 progrederentur.
1986 3718 2137 3780 Quae
2187 3734 2271 3770 res
2306 3716 2482 3769 audita
2523 3724 2774 3769 terrorem

573 3780 880 3863 Imperatori
910 3784 1171 3836 maximum
1201 3784 1419 3837 incussit
1457 3803 1518 3839 ac
1553 3788 1664 3839 eius
1698 3788 1912 3839 animum
1951 3786 2113 3838 variis
2143 3785 2541 3854 cogitationibus
2567 3793 2775 3853 pertur-

573 3848 736 3903 bavit.
790 3850 958 3934 ‘Unde
980 3850 1139 3905 visum
1159 3853 1277 3921 ipsi,
1313 3860 1465 3923 porta
1493 3866 1691 3924 aperta,
1724 3872 1870 3924 quam
1930 3854 2134 3907 lurimos
2164 3856 2353 3907 milites
2377 3854 2649 3918 emittere,
2682 3852 2773 3921 qui

570 3922 842 3973 terrestria
861 3922 1059 3974 moenia
1088 3938 1121 3973 a
1143 3921 1267 3973 mari
1290 3938 1348 3974 us
1386 3939 1449 3974 ue
1479 3925 1545 3975 ad
1573 3931 1712 3977 inare
1739 3930 1886 3977 custo
1922 3924 2071 3976 iendo
2111 3924 2453 3977 circumirent.
2518 3922 2627 3974 Sed
2665 3938 2773 3974 ma·-

572 3994 703 4053 gnus
726 3988 1010 4071 Lugotheta
1030 3989 1280 4060 impediit,
1307 3990 1360 4042 in
1397 3990 1565 4060 ignum
1598 4010 1713 4045 esse
1739 4010 1922 4061 magno
1950 3992 2111 4047 animo
2134 3993 2391 4062 inquiens,
2424 3998 2531 4044 tam
2553 3991 2652 4044 levi
2679 4007 2772 4043 ru-

570 4070 709 4106 more
734 4066 790 4109 ct
811 4059 1025 4124 ignobili
1054 4061 1188 4112 fama
1215 4061 1544 4113 commoveri:
1581 4071 1670 4114 aut
1692 4063 1825 4115 enim
1851 4063 2034 4115 falsum
2075 4079 2190 4114 esse
2217 4062 2451 4114 nuncium
2467 4096 2483 4124 ,
2519 4068 2612 4113 aut
2638 4058 2771 4111 stul-

567 4127 674 4203 tum
702 4140 817 4177 esse
844 4132 1074 4179 conatum
1098 4136 1201 4181 tam
1227 4145 1512 4196 paucorum,
1552 4144 1666 4183 cnm
1695 4139 1750 4183 et
1777 4131 1976 4184 moenia
2003 4136 2059 4183 et
2089 4136 2270 4200 portae
2295 4136 2375 4182 tot
2402 4130 2555 4181 armis
2585 4135 2770 4197 septas

574 4199 695 4242 sint.
764 4193 903 4244 Idem
937 4195 1067 4277 enim
1119 4197 1380 4260 hostibus,
1431 4199 1476 4249 si
1516 4198 1556 4249 ii
1590 4216 1728 4252 nunc
1771 4201 1975 4269 ingredi
2022 4207 2301 4262 conentur,
2348 4214 2446 4250 usu
2484 4205 2769 4259 venturum,

569 4260 710 4327 quod
744 4270 926 4319 centn
948 4262 1201 4318 stimulum
1226 4265 1630 4337 calcitrantibus.
1701 4269 1849 4323 Haec
1871 4285 1999 4325 vero
2034 4269 2243 4323 dicebat
2273 4268 2359 4322 vel
2393 4270 2454 4321 ut
2477 4266 2559 4321 rei
2579 4262 2767 4321 milim-
