3094 4876
1196 356 1710 432 PRAEFATIO.
2393 367 2552 416 xcix

352 528 414 581 et
449 528 726 580 extrema
760 534 1034 598 quaeque
1072 513 1205 576 orbi
1241 516 1614 595 Christiano,
1656 525 1718 580 et
1749 513 2216 579 internecionem
2254 513 2553 596 religioni,

344 624 569 683 fi-ustrs
599 620 698 680 illi
727 618 973 700 quidem
1003 617 1218 702 (neque
1240 618 1399 679 enim
1425 619 1672 679 Caum
1700 620 2022 682 servatoris
2049 617 2242 679 nostri
2277 618 2551 701 potentia

340 723 631 787 humanis
655 720 840 783 armis
868 721 1037 783 vinci
1067 717 1296 805 potest)
1311 766 1331 798 ,
1366 720 1471 780 sed
1501 721 1674 781 nobis
1701 742 1826 783 non
1845 724 1977 784 sine
1999 724 2238 807 capitali
2274 725 2548 807 periculo

340 829 644 888 minatur:
704 834 767 886 et
818 824 904 884 ita
960 824 1259 899 minatur,
1316 832 1392 883 ut
1432 821 1553 884 hoc
1597 823 1966 887 Christianae
1997 828 2356 910 reipublicae
2390 835 2553 889 statu

345 928 547 1012 (quem
573 928 677 988 vel
712 927 857 986 maii
884 926 1104 987 ominis
1130 946 1308 986 causa
1332 926 1600 1004 vitandi,
1645 928 1744 988 vel
1768 931 1965 1010 nequi
1991 951 2055 991 se
2083 930 2408 1011 perstringi
2426 946 2551 1011 pu·-

340 1041 504 1107 tent,
540 1050 682 1091 cum
710 1028 1049 1108 Byzantino
1076 1027 1243 1088 haud
1270 1026 1540 1110 confero)
1573 1029 1770 1090 minae
1799 1029 1928 1091 eius
1959 1051 1994 1091 a
2026 1031 2263 1092 nemine
2299 1032 2548 1092 cordato

342 1132 655 1191 contemni
682 1140 923 1211 queant.
1011 1130 1117 1190 Sin
1142 1131 1328 1211 aliqui
1357 1132 1440 1191 its
1469 1141 1747 1212 stupent,
1788 1141 1861 1191 ut
1888 1132 2040 1193 haec
2069 1143 2173 1193 aut
2199 1154 2323 1195 non
2351 1134 2549 1194 intel-

344 1234 566 1313 ligant:
611 1242 745 1311 sat,
786 1233 841 1292 si
896 1232 1272 1312 intelligunt,
1314 1255 1441 1294 non
1482 1244 1727 1295 curent:
1770 1244 1906 1311 aut,
1951 1233 2000 1294 si
2035 1246 2282 1315 curant,
2322 1256 2448 1297 nou
2478 1236 2547 1297 in

352 1354 424 1396 co
451 1356 569 1415 pro
592 1334 750 1394 virili
780 1334 1117 1410 elaborent,
1163 1334 1442 1397 omnibus
1488 1336 1744 1418 privatis
1779 1336 2264 1399 contentionibus
2295 1337 2548 1416 omissis,

354 1446 426 1496 nt
447 1435 840 1496 incolumitati
868 1446 1111 1496 nostrae
1148 1439 1534 1501 consulatur:
1581 1439 1824 1500 evidens
1844 1438 2271 1519 indignationis
2309 1437 2548 1499 divinae

358 1549 562 1599 contra
603 1559 718 1598 nos
735 1583 753 1615 ,
816 1546 877 1597 et
918 1539 1184 1617 urgentis
1226 1540 1446 1602 scelera
1485 1550 1698 1602 nostra
1738 1541 2069 1619 vindictae,
2125 1540 2284 1622 quod
2337 1548 2548 1600 auctor

346 1640 445 1702 hic
465 1652 676 1702 noster
704 1641 914 1701 crebro
948 1641 1258 1720 queritur,
1302 1654 1718 1722 argumentum
1745 1645 1812 1707 id
1842 1666 1970 1707 esse
1999 1645 2295 1708 videatur.

507 1743 808 1824 Equidem
835 1741 995 1803 inter
1019 1744 1492 1805 convertendum
1527 1744 1638 1805 hos
1662 1748 2014 1829 scriptores,
2060 1734 2197 1808 cum
2231 1745 2309 1805 sd
2338 1745 2544 1825 Inspe-

350 1855 612 1907 ratorum
641 1845 709 1904 in
739 1845 1042 1923 fungendo
1083 1866 1332 1908 munere
1372 1848 1778 1924 oscitantiam,
1817 1850 2197 1911 tenacitatem
2233 1848 2299 1908 in
2333 1864 2543 1906 neces-

353 1949 540 2023 sariis,
592 1947 971 2028 profusiones
1008 1947 1075 2007 in
1116 1950 1533 2029 supervacuis,
1579 1961 1639 2011 et
1673 1952 1953 2012 intestina
1990 1952 2182 2029 bella;
2222 1966 2543 2041 protom-um

350 2064 487 2111 vero
525 2059 587 2109 et
615 2050 839 2109 ducum
868 2051 1184 2130 perfidiam
1217 2072 1289 2111 ac
1323 2051 1746 2131 temeritatem,
1788 2054 2200 2132 religiosorum
2222 2049 2539 2127 inscitiam,

357 2161 419 2211 et
464 2152 539 2210 de
570 2151 705 2210 lana
741 2153 990 2232 caprina
1041 2152 1242 2230 rixas,
1291 2153 1623 2235 populique
1675 2154 2066 2235 petulantiam
2119 2162 2179 2215 et
2218 2151 2539 2232 ignaviam,

366 2252 618 2312 omnium
642 2252 885 2333 denique
911 2252 1191 2314 ordinum
1220 2264 1486 2315 extu-enm
1512 2256 1735 2337 probra
1749 2255 2179 2337 pervenissem:
2212 2264 2541 2333 contraque

363 2355 671 2416 rmus-nm
696 2355 980 2415 maiorem
1003 2355 1202 2433 fidem,
1222 2357 1503 2417 maiorem
1520 2357 1938 2436 integritatem,
1963 2357 2399 2436 fortitudinem,
2420 2356 2537 2415 cle-

350 2460 637 2536 mentiam,
665 2459 923 2519 virtutes
940 2458 1212 2539 ipsorum
1237 2456 1505 2519 hostium
1525 2459 1728 2539 elogiis
1746 2461 2089 2540 celebratas,
2113 2461 2420 2541 legissemz
2449 2460 2537 2521 ita

341 2581 461 2622 sum
483 2562 685 2623 auimo
709 2570 1058 2638 commotus,
1071 2571 1145 2621 ut
1154 2561 1384 2622 Turcos
1408 2561 1663 2642 imperio
1675 2561 1850 2641 longe
1864 2563 2162 2642 digniores
2176 2563 2532 2624 iudicarunt

334 2673 392 2724 et
419 2666 641 2724 faecem
673 2684 746 2724 ac
773 2663 1067 2724 sentinam
1095 2664 1261 2724 illam
1289 2664 1656 2725 nefariorum
1687 2660 1999 2725 hominum
2043 2674 2168 2725 tam
2211 2665 2314 2725 diu
2351 2643 2538 2725 fuisse

327 2768 689 2828 incolumem
707 2812 728 2843 ,
769 2783 885 2825 nec
922 2764 1101 2825 citius
1132 2785 1474 2846 oppressam
1507 2786 1660 2843 esse,
1706 2766 1957 2829 mirarer
1981 2767 2188 2848 potius
2211 2788 2388 2848 quam
2417 2768 2531 2827 mi·

326 2890 571 2931 araret.
656 2868 789 2929 Etsi
832 2866 912 2928 ad
954 2867 1526 2929 commiserationem
1563 2868 1758 2930 clades
1795 2870 1968 2948 illae,
2029 2879 2093 2931 et
2132 2869 2535 2931 florentissimi

320 2970 844 3054 potentissimique
870 2968 1173 3048 quondam
1195 2969 1439 3051 Imperii
1468 2969 1649 3030 ruina
1667 3013 1688 3047 ,
1731 2979 1792 3030 et
1821 2970 2192 3032 Christianae
2230 2969 2534 3051 religionis

321 3094 353 3133 e
383 3084 483 3134 tot
520 3075 901 3155 amplissimis
925 3074 1253 3156 provinciis
1279 3070 1640 3152 profligatio,
1683 3069 1783 3130 vel
1811 3091 1956 3130 saxa
1990 3092 2370 3135 commovere
2389 3093 2533 3155 pos-

315 3177 472 3236 sint:
540 3186 780 3239 nostros
823 3187 1023 3238 autem
1066 3175 1372 3252 homines,
1427 3173 1619 3233 simili
1651 3179 1811 3232 statu
1845 3193 2052 3234 rerum
2071 3218 2091 3252 ,
2139 3194 2251 3236 nec
2283 3173 2533 3236 illorum

313 3278 766 3358 misericordia,
808 3301 924 3342 nec
963 3280 1175 3341 similis
1218 3275 1388 3337 exitii
1429 3283 1596 3335 metu
1636 3277 1998 3338 commoveri
2031 3277 2113 3338 sit
2149 3276 2528 3340 mirandume

311 3403 428 3443 nec
450 3383 891 3464 desperandum
916 3392 1154 3458 tamen,
1196 3380 1326 3440 fore
1358 3377 1614 3453 multos,
1658 3376 1766 3457 qui
1793 3377 1891 3440 his
1924 3400 2048 3442 non
2074 3380 2257 3443 modo
2285 3380 2365 3441 ad
2409 3399 2532 3442 vo-

308 3483 611 3564 luptatem
628 3528 648 3560 ,
690 3486 798 3545 sed
827 3485 1002 3545 etiam
1031 3483 1111 3544 ad
1138 3481 1440 3564 publicam
1469 3479 1796 3541 utilitatem
1823 3482 2119 3563 legendis,
2160 3495 2336 3547 tuum
2373 3503 2532 3544 con·

308 3585 519 3646 silium
553 3586 872 3665 laudaturi,
916 3597 977 3648 et
999 3586 1160 3647 inter
1183 3594 1414 3645 caetera
1447 3593 1796 3645 ornamenta
1830 3606 2011 3666 quam
2035 3586 2298 3669 plurima
2322 3603 2538 3646 nume-

308 3688 513 3748 raturi
539 3688 663 3749 sint
680 3733 699 3767 ‚
743 3689 849 3769 qui
875 3689 1103 3750 illustri
1127 3679 1492 3749 monimento
1519 3687 1784 3767 posteris
1805 3688 1988 3750 etiam
2026 3689 2373 3750 consultum
2413 3706 2531 3748 vo-

307 3790 539 3853 lueris:
598 3801 659 3851 et
707 3791 1042 3852 multorum
1079 3789 1344 3864 animos,
1385 3787 1486 3849 his
1529 3789 1810 3870 operibus
1858 3790 1925 3850 in
1967 3791 2286 3873 publicum
2329 3787 2529 3867 editis,

310 3891 397 3954 ad
425 3892 660 3973 patriae
689 3891 1094 3955 defensionem
1123 3891 1347 3953 maiore
1373 3891 1577 3953 studio
1608 3892 2048 3972 suscipiendam
2081 3889 2380 3954 excitaris.
2447 3899 2454 3904 “

485 3994 687 4076 Atque
725 3994 876 4058 haec
914 3998 990 4058 de
1040 3994 1314 4057 historia.
1396 3994 1485 4054 De
1533 4003 1781 4055 auctore
1814 4015 1944 4055 non
1979 3994 2188 4056 multis
2221 4002 2312 4056 est
2358 4011 2529 4073 opus.

309 4096 463 4157 Nam
490 4118 616 4179 quo
640 4098 903 4179 ingenio,
948 4099 1244 4174 doctrina,
1285 4095 1588 4173 facundia,
1632 4097 1991 4160 auctoritate
2028 4096 2192 4181 apud
2218 4117 2359 4158 suos
2389 4096 2528 4156 sue-

310 4201 431 4277 rit,
472 4200 605 4281 ipse
632 4202 870 4263 abunde
897 4202 1183 4263 declarat.
1260 4198 1463 4271 ‚Quem
1511 4217 1652 4256 cum
1696 4218 1765 4258 ea
1810 4220 1962 4283 quae
1986 4200 2061 4261 de
2085 4200 2383 4262 michaele
2406 4201 2529 4264 Pa-

311 4301 582 4381 laeologo
610 4323 800 4385 usque
827 4304 906 4365 ad
935 4305 1353 4365 catelanorum
1380 4299 1454 4360 ab
1483 4298 1835 4363 Andronico
1867 4302 2101 4365 seniore
2132 4303 2526 4365 desectionem

315 4403 552 4482 scribit,
591 4426 629 4466 a
662 4405 920 4488 Georgio
945 4407 1336 4489 Pac-‚hymerio
1362 4415 1704 4468 mutuatum
1735 4427 1888 4487 esse,
1932 4416 2110 4488 atque
2134 4407 2203 4468 in
2234 4426 2525 4488 compen-
