3094 4876
781 383 1259 454 NICEPHORI
1299 382 1779 455 GREGORAE
1821 386 2057 458 VITA.
2382 398 2517 448 xxv

302 562 466 607 mum
512 543 807 624 quotidie
853 543 1322 621 conveniebant,
1376 542 1484 604 sed
1534 554 1596 604 et
1636 555 2080 607 consummatae
2124 546 2430 609 doctrinae
2461 546 2518 632 1)

298 629 698 711 philosophi,
743 630 1111 706 astronomi,
1152 629 1451 703 rhetores,
1491 630 1713 710 aliique
1752 633 1957 692 aetatis
1992 643 2311 713 provectae
2345 635 2518 695 litte-

296 715 451 790 rati3
497 736 658 794 quos
700 715 985 775 videlicet
1030 716 1324 794 Gregorae
1389 716 1647 775 eruditio
1696 718 2006 796 omnigena
2049 728 2111 778 et
2159 718 2519 800 supellectili

302 801 724 861 mathematica
764 800 1133 879 libratisque
1184 800 1713 863 instructissimum
1746 800 1803 883 2)
1862 823 2137 866 museum
2195 806 2514 867 undecun-

308 905 425 968 que
448 887 688 947 excitos
722 886 1094 949 alliciebant.

470 1022 712 1083 Interea
755 1021 907 1083 obiit
939 1018 993 1102 ⁸)
1051 1019 1250 1083 senior
1288 1022 1700 1099 Andronicus,
1755 1033 2009 1105 utroque
2056 1024 2234 1085 oculo
2283 1035 2512 1107 captus,

318 1108 666 1185 cucullatus,
697 1118 759 1167 et
789 1109 868 1168 ad
894 1128 1180 1168 summam
1204 1108 1484 1171 redactus
1509 1112 1772 1170 omnium
1796 1130 1997 1171 rerum
2021 1111 2304 1191 inopiam.
2366 1112 2516 1172 Gre-

317 1211 516 1269 goras‚
560 1194 669 1272 qui
690 1193 873 1253 illum
907 1194 1175 1254 coluerat
1198 1195 1655 1275 Imperatorem,
1700 1195 1888 1255 eidem
1912 1197 2182 1277 privato,
2226 1217 2298 1257 ac
2336 1197 2515 1257 etiam

318 1277 636 1352 monacho,
681 1279 951 1338 assiduus
978 1280 1317 1341 consolator
1344 1280 1535 1357 affuit,
1582 1281 1671 1340 sic
1700 1290 1772 1340 ut
1802 1301 1937 1341 eum
1969 1282 2146 1341 tertia
2175 1291 2278 1341 aut
2304 1291 2516 1361 quarta

329 1382 562 1441 quaque
585 1364 677 1422 die
698 1364 1005 1423 inviseret.
1089 1364 1296 1444 Itaque
1333 1386 1402 1426 eo
1430 1367 1563 1446 ipso
1597 1385 1871 1447 vespere,
1917 1366 2020 1447 qui
2051 1367 2215 1426 illius
2260 1378 2516 1426 mortem

335 1447 648 1521 antecessit,
671 1470 811 1509 cum
827 1450 937 1510 illo
953 1450 1327 1511 familiariter
1343 1452 1726 1531 colloquutus
1743 1461 1845 1512 est,
1876 1452 2292 1512 -Consueverat
2315 1462 2516 1513 autem

336 1530 386 1590 is
416 1534 663 1594 eruditos
697 1544 759 1594 et
793 1555 1002 1612 graves
1038 1556 1175 1595 cum
1204 1536 1468 1616 Gregora
1497 1558 1797 1597 sermones
1827 1535 2079 1614 habere,
2123 1537 2377 1615 quadam
2401 1558 2516 1597 ur·-

333 1617 573 1678 banitate
603 1631 664 1679 et
691 1621 885 1699 gratia
920 1630 1297 1701 temperatos.
1380 1623 1631 1682 Ultimus
1671 1643 1864 1682 sermo
1894 1623 2056 1683 ultra
2095 1623 2351 1682 mediam
2394 1643 2514 1681 no-

332 1711 475 1761 ctem
513 1705 878 1785 productus,
923 1705 1004 1765 ad
1046 1708 1309 1787 primum
1356 1729 1544 1787 usque
1585 1709 1727 1787 galli
1764 1716 2025 1771 cantum.
2110 1709 2393 1785 Demum‚
2434 1706 2512 1766 iis

333 1789 432 1865 qui
463 1790 700 1850 aderant
735 1790 1019 1868 dimissis,
1064 1813 1245 1851 senex
1272 1793 1469 1852 subito
1502 1794 1710 1853 morbo
1747 1802 2075 1874 correptus,
2118 1802 2254 1853 ante
2281 1795 2513 1854 exitum

332 1875 519 1932 noetis
541 1876 884 1955 exspiravit.
974 1877 1262 1955 Gregoras
1292 1879 1478 1938 altero
1508 1880 1712 1938 luctus
1745 1878 1859 1955 die,
1905 1879 2221 1938 Cralaenae
2258 1879 2512 1940 hortatu

333 1956 476 2039 (erat
502 1959 641 2021 haec
667 1961 895 2021 mortui
910 1962 1207 2043 Principis
1237 1962 1363 2022 filia
1382 2009 1398 2038 ,
1444 1972 1503 2022 et
1540 1964 1850 2023 funebrem
1886 1984 2168 2044 pompam
2209 1959 2509 2042 ducebat),

326 2045 658 2106 monodiam
686 2067 763 2106 ex
786 2057 1055 2128 tempore
1079 2049 1355 2109 recitavit
1379 2045 1458 2129 4).
1545 2049 1812 2125 Triginta
1831 2048 2040 2107 diebus
2072 2069 2149 2107 ex
2176 2068 2245 2108 eo
2274 2048 2511 2128 elapsis,

332 2128 578 2189 decessit
601 2131 660 2211 ⁵)
702 2142 758 2191 et
796 2154 1045 2213 magnus
1086 2133 1418 2211 Logotheta
1460 2132 1841 2207 Metochites,
1896 2154 2024 2191 non
2065 2132 2150 2190 ita
2192 2134 2426 2211 pridem
2453 2129 2510 2211 ⁶)

343 2215 417 2272 ab
448 2216 624 2273 exilio
644 2236 898 2277 reversus
915 2265 932 2295 ,
978 2228 1037 2278 et
1063 2216 1429 2279 monachum
1459 2226 1687 2277 mutato
1712 2215 1928 2276 habitu
1949 2217 2016 2275 in
2046 2215 2514 2276 Choraemona-

348 2299 521 2358 sterio
540 2302 835 2362 novissime
864 2306 1186 2383 professus.
1270 2303 1416 2363 Eius
1447 2323 1686 2383 quoque
1714 2310 1968 2363 mortem
1998 2302 2290 2381 Gregoras
2307 2346 2329 2378 ,
2371 2323 2512 2363 mo-

240 2400 261 2411 ·
342 2384 507 2443 nodia
524 2387 756 2468 publice
795 2390 1074 2465 recitata,
1118 2391 1473 2450 lamentatus
1510 2398 1630 2466 est;
1678 2410 1794 2469 qua
1834 2387 2069 2466 audita,
2114 2408 2361 2468 magnus
2402 2409 2514 2448 co-

328 2481 633 2549 gnatorum
658 2476 856 2535 luctus
885 2485 943 2535 et
964 2475 1315 2537 miserabilis
1343 2475 1735 2555 comploratio
1767 2475 1985 2538 extitit.
2071 2474 2356 2536 Extincto
2389 2472 2510 2533 An.-

326 2556 600 2636 dronico‚
644 2560 940 2620 iuniorem
973 2561 1265 2622 demereri
1289 2571 1349 2620 et
1377 2561 1587 2620 iisdem
1614 2560 1830 2641 quibus
1862 2569 2033 2619 antea
2080 2579 2260 2619 avum
2295 2559 2514 2620 officiis

320 2641 638 2725 iisdemque
652 2645 877 2705 artibus
894 2647 1213 2707 conciliare
1244 2646 1360 2705 sibi
1377 2645 1648 2705 studuitz
1683 2666 1796 2704 nec
1810 2646 1990 2724 longo
2007 2653 2148 2725 post
2169 2644 2329 2724 apud
2357 2665 2515 2718 eum,

312 2730 517 2789 matris
541 2740 741 2791 morte
773 2731 1080 2810 afflictum,
1124 2731 1449 2792 orationem
1476 2730 1936 2791 consolatoriam
1961 2728 2172 2789 habuit
2199 2727 2276 2812 ⁷).
2348 2730 2515 2790 Eun-

314 2813 478 2892 dem,
524 2836 664 2875 cum
692 2814 1012 2877 haberetur
1046 2817 1309 2896 quaestio
1356 2815 1432 2877 de
1466 2815 1827 2892 coniuratis,
1886 2814 2413 2874 acclamationibus
2454 2822 2516 2873 et

309 2901 607 2981 applausu
647 2899 957 2979 delinivit,
1000 2923 1073 2966 ac
1103 2922 1180 2963 ne
1222 2902 1290 2963 in
1327 2901 1695 2962 Demetrium
1724 2902 2045 2982 Despotam
2083 2900 2518 2980 inquireretur,

299 3006 414 3067 pro
443 2986 620 3050 virili
646 2985 863 3048 effecit.

466 3121 697 3182 Fuerat
733 3121 939 3184 senior
961 3121 1361 3184 Andronicus
1390 3122 1464 3183 ab
1510 3121 1762 3183 ecclesia
1790 3123 2057 3182 Romana
2101 3118 2514 3179 alienissimus.

294 3205 544 3267 Patrem
568 3206 954 3286 Michaelem,
1000 3209 1165 3289 quod
1191 3210 1539 3270 Latinorum
1568 3210 1781 3286 dogma
1807 3205 2210 3287 approbasset,
2252 3204 2361 3266 vix
2388 3203 2513 3264 hu-

293 3292 689 3373 maripassus
705 3293 903 3353 fuerat
915 3316 934 3351 -ι
961 3293 1029 3353 in
1055 3303 1317 3356 caeteros
1343 3288 1817 3374 Λατινόφρονας
1844 3311 2046 3351 severe
2072 3290 2516 3350 animadverte-

289 3386 409 3438 rat.
501 3376 718 3456 Itaque
743 3379 1028 3458 quamdiu
1055 3381 1236 3458 vixit,
1280 3381 1356 3442 de
1386 3379 1817 3460 componendis
1868 3377 2247 3438 ecclesiarum
2278 3376 2514 3435 discor-

292 3461 413 3522 diis
435 3481 631 3523 nemo
664 3483 833 3541 agere
860 3483 1038 3524 ausus
1068 3475 1177 3525 est.
1263 3468 1406 3526 Post
1446 3468 1571 3527 eius
1607 3474 1862 3525 mortem
1898 3484 1994 3523 res
2031 3464 2230 3523 denuo
2266 3470 2512 3521 tentata.

292 3547 480 3609 Anno
532 3545 763 3609 Christi
803 3559 1183 3614 ncccx'nun.
1215 3549 1268 3631 ⁸)
1312 3551 1605 3612 antistites
1653 3551 1771 3611 duo
1799 3547 2028 3626 Latini,
2076 3547 2432 3609 Franciscus
2455 3545 2512 3626 ⁹)

368 3766 436 3837 1)
469 3763 617 3818 Hist.
651 3763 741 3852 lib.
772 3781 905 3820 xxa.
939 3783 1061 3856 pag.
1087 3770 1209 3825 661.
1250 3772 1304 3820 c.
1330 3769 1397 3823 Ι).
1547 3769 1614 3836 2)
1646 3766 1785 3820 Vide
1813 3765 2064 3830 libellum,
2096 3762 2242 3819 κατὰ
2261 3763 2375 3847 3031·
2408 3761 2517 3817 τοῦ

441 3839 505 3890 Γ
605 3852 713 3902 ορα
742 3839 1073 3906 inemtas-mv
1088 3875 1105 3901 ‚
1138 3836 1230 3890 nbi
1249 3838 1520 3908 Gregoras
1547 3838 1747 3890 ridetur
1762 3873 1779 3899 ‚
1813 3852 1876 3889 eo
1910 3834 2049 3905 qnod
2083 3832 2144 3889 ἐν
2174 3838 2385 3904 γλωσσῃ
2413 3829 2517 3901 μὲν

442 3853 623 3988 ονέἒὲγν
650 3903 805 3974 φέρει
832 3908 934 3976 τῆς
955 3904 1282 3976 ἐπιστήμης·
1320 3903 1668 3993 σφαιρῶνβὶ
1709 3904 2006 4028 &univimus
2029 3902 2147 4030 τήιὲ
2170 3905 2383 4027 ebuloni,
2419 3901 2515 3990 neci

442 3976 2108 4129 amfflmgisstssxssffissgffiss‘ffl’‘525‘25‘6’2‘3
2148 3992 2215 4125 εἷ’·
2250 3992 2324 4111 ,2:3²
2349 3991 2516 4096 ηε

447 4128 771 4169 necenxn.
804 4132 977 4169 mense
1023 4117 1277 4182 Febr-nar.
1360 4118 1503 4171 Hist.
1554 4115 1643 4167 hb.
1684 4129 1763 4168 rx.
1817 4129 1864 4165 c.
1917 4112 2009 4196 ult·-
2038 4111 2224 4195 ‹et-hb.
2265 4130 2321 4166 x.
2373 4128 2419 4166 c.
2464 4113 2516 4166 1.

444 4178 517 4265 J)
549 4181 691 4265 EJst.
726 4183 818 4238 lib.
854 4202 909 4237 x.
944 4202 990 4238 c.
1020 4190 1068 4241 1.
1206 4187 1269 4254 5)
1294 4186 1485 4270 lii-attii
1521 4185 1609 4237 die
1646 4183 1728 4237 15.
1755 4255 1780 4269 ..
1844 4181 1907 4250 6)
1942 4182 2154 4234 Blenmo
2190 4189 2328 4266 ante.
2380 4180 2519 4267 Nam

444 4267 504 4303 nn
554 4251 770 4354 dialogo·
825 4255 949 4321 περὶ
998 4255 1202 4323 σοφίας
1258 4255 1449 4343 dicitur
1502 4252 1595 4309 ἐπὶ
1643 4253 1809 4306 dvctv
1851 4249 2285 4375 ιὲξξωτὲτοικισαθᾚνἱ
2287 4269 2349 4304 αι
2395 4266 2519 4333 τοι]

448 4318 739 4378 {rma-ow
806 4320 993 4379 ἔπειτα
1026 4323 1353 4381 ἐπανελθειν
1386 4324 1597 4390 οἴκαδε,
1636 4321 1733 4375 καὶ
1767 4340 1966 4392 mneos
2071 4341 2088 4374 ι
2128 4339 2254 4382 teve
2271 4323 2522 4403 τδλξνῑή·

450 4406 567 4447 σαι·
702 4393 768 4462 7)
813 4394 876 4450 Α.
914 4395 979 4448 C.
1019 4409 1354 4452 annexum.
1494 4393 1560 4463 8)
1608 4396 1840 4446 exeunte.
1975 4391 2042 4459 9)
2130 4408 2162 4445 e
2195 4389 2482 4443 Camerino.
