3094 4876
543 337 593 387 c
1064 325 1292 404 H1ER.
1335 325 1596 399 woLF
1597 325 1663 397 11
1701 328 2223 403 PRAEFATIO.

539 483 713 549 dium
755 484 1049 565 redegisse
1076 486 1523 565 cognovissem
1563 505 1642 553 ex
1665 483 2012 568 August-m
2036 487 2398 555 bibliotheca
2424 491 2581 560 illud
2597 515 2753 579 opus

541 594 858 668 acceptum
908 587 1168 669 perlegi:
1211 596 1276 651 et
1326 608 1480 670 quae
1536 609 1668 651 non
1719 589 1960 653 inutilia
2001 592 2402 677 videbantur,
2468 607 2755 681 excerpta

544 688 843 768 Gregorae
867 690 1090 752 adieci:
1131 706 1244 767 ne,
1285 691 1487 770 quoad
1511 712 1749 775 possem
1773 703 1835 757 et
1856 693 2098 774 liceret,
2137 696 2440 760 voluntati
2467 706 2609 759 tuae
2654 708 2755 763 at·-

544 810 663 872 que
699 790 903 852 officio
940 813 1073 853 meo
1106 792 1389 855 deessem.
1469 792 1565 857 Ac
1591 793 1771 876 plura
1802 815 1941 856 asne
1969 796 2369 878 collegissem,
2407 799 2529 861 nisi
2560 800 2612 861 is
2644 821 2758 862 co-

544 894 666 958 dex
683 904 744 954 et
763 893 1067 976 principio
1093 904 1154 954 et
1166 895 1287 956 fine
1308 895 1582 972 mutilus,
1606 895 1674 955 in
1689 896 1886 959 medio
1902 898 2084 959 etiam
2098 899 2329 981 aliquot
2349 901 2512 962 foliis
2528 905 2757 984 partim

538 994 818 1070 exsectis,
836 995 1060 1075 partim
1085 996 1333 1058 marinis
1356 996 1649 1058 fluctibus
1664 995 1762 1081 (ut
1782 998 2022 1083 opinor)
2045 1003 2412 1082 madefactis,
2443 1013 2504 1064 et
2529 1005 2756 1067 litteris

541 1106 844 1158 vetustate
865 1100 1354 1179 exolescentibus,
1382 1100 1582 1162 studio
1604 1121 1737 1163 meo
1759 1110 1822 1161 et
1850 1103 2044 1163 oculis
2060 1103 2346 1166 diuturna
2368 1106 2494 1167 fere
2521 1115 2583 1167 et
2608 1127 2757 1188 per-

543 1208 729 1280 petua
762 1198 1020 1261 lectione
1058 1223 1131 1263 ac
1160 1201 1490 1285 scriptione
1521 1203 1691 1265 sessis
1721 1211 1782 1263 et
1811 1200 2102 1264 hebetatis
2128 1205 2514 1269 vehementer
2545 1208 2759 1270 adver-

545 1311 711 1363 sstua
734 1311 906 1380 esset,
935 1313 1109 1384 atque
1130 1304 1649 1369 incommodmset.
1694 1304 2233 1388 Chalcocondylem
2261 1317 2461 1370 autem
2491 1328 2635 1369 auus
2657 1309 2761 1368 in-

546 1411 799 1485 terpres,
842 1426 962 1486 qua
989 1415 1081 1466 est
1106 1406 1381 1468 doctrina
1408 1415 1469 1466 et
1499 1406 1859 1487 eloquentis,
1889 1408 1975 1469 ita
2008 1410 2486 1488 commendabit,
2527 1419 2599 1472 ut
2641 1410 2763 1471 mi-
2809 1432 2814 1445 ¹

546 1504 617 1567 hi
643 1509 790 1568 satia
808 1528 977 1569 nunc
1003 1528 1128 1570 esse
1155 1509 1397 1587 debeat,
1439 1506 1492 1567 si
1519 1508 1754 1571 labores
1793 1506 1863 1569 hi
1905 1508 2028 1571 mei
2055 1509 2345 1590 aequitati
2380 1522 2443 1573 et
2485 1511 2763 1575 liberali-

549 1610 663 1668 tati
693 1619 835 1671 tuae
874 1610 1274 1671 commendati
1310 1608 1572 1688 fuerint,
1620 1617 1683 1670 et
1722 1606 1983 1691 probati.
2061 1612 2366 1691 Augustae
2407 1614 2764 1677 Vindelico-
2817 1696 2824 1703 ς

550 1730 711 1788 rum,
742 1712 1032 1792 postridie
1065 1712 1189 1770 Cal.
1217 1709 1504 1789 Ianuarii,
1545 1709 1688 1771 anni
1716 1731 1753 1770 a
1784 1711 2007 1775 Christi
2035 1717 2359 1776 servatoris
2388 1714 2765 1778 humanitate

534 1834 768 1874 amnt.
800 1834 977 1895 quem
1002 1811 1118 1873 tibi
1149 1813 1386 1893 tuisque
1426 1822 1489 1873 et
1518 1815 1638 1875 toti
1671 1815 1804 1876 orbi
1835 1826 2133 1877 terrarum
2172 1828 2482 1900 pacatum,
2526 1820 2764 1881 felicem

552 1935 626 1974 ac
650 1915 944 1992 faustum,
989 1936 1069 1977 ex
1095 1916 1294 1977 animo
1316 1934 1554 1996 precor.
1635 1919 1814 1979 stit
1841 1920 1996 1980 Deua
2023 1918 2167 2000 opt.
2201 1919 2383 1998 Max„
2423 1929 2497 1980 ut
2536 1921 2762 1980 Fanni-

536 2036 739 2079 ,mm
765 2018 950 2098 primi
975 2016 1259 2098 Augusti,
1301 2017 1689 2100 Imperatoris
1719 2041 1793 2081 ac
1818 2020 2048 2083 domini
2084 2024 2276 2083 nostri
2302 2019 2763 2099 clementissimi,

553 2120 620 2181 in
653 2121 863 2185 urbem
894 2120 1055 2182 hanc
1072 2166 1089 2199 ,
1134 2123 1212 2183 ob
1254 2121 1632 2201 gravissimae
1675 2122 1751 2183 de
1775 2124 2022 2207 Imperii
2065 2124 2245 2185 rebus
2290 2124 2760 2201 deliberationes,

549 2222 852 2302 ingressus
882 2224 1018 2306 (sub
1046 2226 1112 2284 id
1135 2234 1370 2306 tempus
1415 2243 1534 2301 quo
1567 2224 1764 2304 pacis,
1807 2227 2165 2287 concordiae
2203 2236 2265 2287 et
2306 2226 2506 2288 mutui
2548 2226 2766 2288 ameria

550 2324 768 2384 doctor
784 2333 846 2384 et
868 2325 1211 2404 exemplum
1238 2326 1537 2383 Gnatam-na
1566 2324 1753 2400 Inane,
1778 2338 2029 2407 propter
2039 2330 2294 2388 salutem
2317 2327 2570 2388 humani
2583 2347 2767 2407 gene-

548 2425 659 2502 ris,
708 2425 1081 2486 dissimulata
1111 2425 1428 2486 divinitate
1450 2445 1581 2503 sua,
1623 2424 1805 2486 homo
1830 2429 1998 2489 nasci
2024 2426 2268 2510 voluit),
2296 2429 2568 2490 omnium
2589 2429 2764 2507 prin-

548 2527 758 2609 cipum
775 2571 794 2605 ‚
838 2528 1107 2587 omnium
1135 2525 1451 2588 hominum
1477 2528 1707 2588 animos
1735 2549 1770 2587 a
1801 2530 2056 2608 privatis
2082 2530 2515 2611 cupiditatibus
2544 2529 2620 2589 ad
2647 2548 2764 2589 cu-

549 2650 682 2690 ram
713 2630 992 2711 publicae
1017 2628 1262 2705 salutis,
1308 2649 1345 2687 a
1387 2627 1542 2690 luxu
1588 2639 1651 2689 et
1695 2634 2037 2715 corruptela
2078 2652 2318 2694 morum
2353 2632 2434 2692 ad
2471 2630 2766 2691 sobrieta-

549 2740 673 2791 tem
713 2740 773 2790 et
810 2731 975 2792 vitae
1020 2730 1463 2812 integritatem,
1507 2737 1583 2795 ab
1631 2735 1784 2797 odiis
1827 2745 1886 2797 et
1928 2734 2333 2796 simultatibus
2381 2733 2463 2792 ad
2505 2752 2768 2794 concor-

553 2833 714 2892 diam
760 2842 820 2894 et
862 2854 1124 2893 amorem
1139 2878 1157 2911 ‚
1215 2855 1254 2893 a
1307 2835 1462 2897 rixis
1505 2848 1568 2899 et
1617 2838 2122 2918 disputationibus
2158 2837 2239 2898 ad
2274 2854 2488 2900 verum
2536 2835 2771 2895 cultum

549 2936 853 3015 religionis
867 2980 887 3016 ‚
928 2958 966 2997 a
992 2938 1182 3011 bellia¹
1215 2948 1277 3000 et
1304 2939 1483 3000 armis
1511 2939 1591 3001 ad
1612 2939 1851 3001 firmam
1869 2950 1941 3024 xet
1967 2947 2342 3001 constantem
2367 2956 2580 3021 pacem
2610 2957 2772 2998 con-

556 3047 774 3101 vertat.

732 3143 920 3205 Cuius
947 3144 1080 3205 voti
1101 3143 1158 3204 ai
1187 3164 1298 3205 nos
1323 3143 1531 3206 divina
1555 3144 1884 3206 liberalitas
1915 3144 2150 3223 (merita
2177 3142 2338 3204 enim
2366 3151 2574 3204 nostra
2599 3140 2773 3202 nulla

418 3271 429 3279 ·
556 3246 832 3326 profecto
881 3247 1108 3307 iactare
1140 3267 1464 3328 possumus
1481 3293 1498 3326 ,
1541 3267 1658 3307 nec
1684 3247 1885 3309 minus
1916 3245 2154 3327 indigni
2182 3264 2388 3307 aumua
2427 3244 2635 3305 divino
2666 3261 2774 3304 au·

556 3347 712 3408 xilio
739 3368 919 3427 quam
948 3347 1177 3433 indigi)
1222 3359 1528 3431 compotes
1560 3350 1923 3429 reddiderit,
1964 3350 2043 3411 iis
2081 3348 2306 3410 erimus
2340 3346 2772 3422 formidabilea,

542 3472 597 3512 ·a
620 3450 835 3531 quibus
859 3462 1055 3530 nunc,
1097 3472 1225 3512 non
1248 3452 1383 3512 aliis
1413 3452 1489 3514 de
1536 3453 1735 3514 musis
1758 3474 1934 3534 quam
1963 3463 2218 3535 propter
2267 3457 2614 3530 corruptam
2660 3447 2775 3506 di·-

558 3553 899 3634 sciplinam,
942 3564 1003 3615 et
1027 3555 1315 3616 intestina
1344 3554 1520 3634 bella,
1565 3576 1678 3639 per
1707 3566 2120 3640 contemptum
2153 3570 2584 3637 oppugnamur,
2631 3567 2775 3609 cae-

540 3656 782 3737 dimur,
824 3656 890 3717 in
919 3659 1355 3720 acerbissimam
1385 3659 1743 3721 servitutem
1770 3660 2142 3738 abducimur,
2188 3668 2250 3719 et
2276 3659 2342 3715 in
2373 3672 2633 3717 summas
2657 3672 2776 3713 an-

553 3761 782 3840 gustiae
812 3761 1041 3824 redacti
1065 3763 1478 3845 profligamur.
1566 3763 1872 3844 Quicquid
1915 3764 2074 3825 enim
2110 3757 2511 3822 calamitatum
2540 3776 2612 3816 ac
2644 3754 2775 3815 cla-

555 3863 730 3924 dium
742 3866 840 3948 (ut
857 3867 931 3927 de
949 3867 1083 3926 aliis
1101 3866 1451 3928 Christianis
1462 3867 1792 3948 provinciis
1816 3863 2071 3949 taceam)
2090 3862 2426 3926 Pannoniae
2440 3859 2775 3942 patiuntur,

555 3964 626 4026 id
671 3968 751 4026 ad
785 3990 897 4030 noa
946 3991 1187 4052 quoque
1234 3990 1311 4031 ex
1361 3989 1552 4050 aequo
1594 3971 1895 4051 pertinere
1947 3969 2163 4031 merito
2216 3966 2570 4028 iudicamus.
2653 3964 2772 4023 Rea

562 4069 722 4130 enim
744 4073 1020 4152 profecto
1036 4121 1055 4155 ,
1096 4076 1218 4136 imo
1261 4075 1426 4135 salus
1457 4083 1667 4137 nostra
1694 4095 1859 4136 nunc
1887 4074 2109 4155 agitur,
2150 4072 2349 4154 paries
2379 4088 2518 4131 cum
2555 4065 2775 4148 proxi-

562 4193 699 4235 mus
728 4175 916 4240 ardet.
