3094 4876
508 345 679 393 nvm
914 334 1385 407 NICEPHORI
1427 335 1913 408 GBEGORAE
1952 339 2307 412 ELOGIA.

513 498 1042 561 ΧΡΤΣΟΛΩΡΑ.
1565 570 1571 577 q

611 577 736 726 Τῆἕ
749 579 817 726 1¹)
864 579 973 660 μὲν
997 580 1349 665 παροιμίαν,
1397 575 1494 648 niel
1517 605 1578 647 τι
1601 577 1834 666 Λιβύη.
1862 584 1951 645 De
1979 585 2359 649 asu-onomia.
2395 586 2540 653 Cod.
2571 587 2708 652 vat.

713 687 747 725 ο
775 710 791 727 .
828 671 970 734 190.

685 751 913 811 Extant
953 762 1255 833 praeterea
1293 754 1576 835 epistolae
1627 754 1859 835 aliquot
1917 755 1997 816 ad
2051 774 2383 835 anonymos
2433 756 2712 838 scriptae.

515 834 743 898 Earum
767 836 916 897 haec
947 849 1090 898 sunt
1112 838 1299 897 initia.

583 920 780 1004 ’Ἄλλῳ
825 920 935 1003 μὲν
969 922 1146 1000 ἴσως,
1185 920 1341 1005 πρὸς
1368 920 1477 997 τὰς
1518 927 1639 987 νῦν
1675 917 2090 1006 ἀποβλέψαντι
2112 917 2312 1006 τύχας.
2337 926 2712 989 Brevissima.

685 1008 974 1087 Philolog.
1004 1010 1145 1071 Cod.
1175 1008 1314 1070 Vat.
1354 1010 1459 1071 fol.
1494 1011 1636 1075 154.

598 1093 688 1155 El
714 1089 829 1156 ὅσα
857 1098 937 1179 τῇ
960 1090 1143 1173 φύσει
1168 1089 1449 1177 πρότερα.
1480 1093 1774 1174 Philolog.
1803 1095 1951 1156 Cod.
1982 1095 2119 1157 Vat.
2159 1095 2266 1155 fol.
2306 1095 2448 1161 105.

596 1172 767 1255 Ἐμοὶ
797 1175 865 1242 δὲ
894 1177 953 1241 εἴ
987 1203 1079 1253 τις
1106 1181 1317 1257 φιλίαν
1349 1172 1558 1243 οὖσαν.
1585 1179 1879 1258 Philolog.
1908 1179 2053 1240 Cod.
2092 1180 2229 1247 Vat.
2254 1180 2362 1241 fol.
2400 1180 2504 1247 95.

594 1260 852 1340 Ἑτέροις
902 1260 1140 1328 διδόναι
1187 1269 1461 1345 τρυφᾶν,
1516 1262 1667 1345 ἦμῖν
1710 1259 1775 1328 δ’
1819 1262 2139 1349 ἄνθρακας
2183 1262 2326 1338 τούς
2364 1262 2718 1349 θησαυροΰς

685 1343 1069 1427 ἀποφαίνειν.
1114 1351 1259 1410 cod.
1286 1351 1419 1410 Vat.
1442 1349 1547 1410 fol.
1577 1351 1720 1417 195.

597 1425 751 1496 Ἰδού
788 1452 889 1498 σοι
917 1435 1018 1497 καὶ
1048 1434 1243 1517 ἕτερος
1269 1428 1406 1515 ἥκει
1435 1430 1734 1508 διάκονος.
1764 1433 1911 1499 Cod.
1944 1433 2079 1494 Vat.
2105 1434 2212 1494 fol.
2245 1438 2392 1501 206.

597 1517 675 1581 Ὅ
706 1512 966 1601 ἆριθμός
995 1525 1118 1584 τοῖν
1150 1521 1398 1599 στοίχων
1430 1520 1604 1582 δυοῖν
1633 1539 1827 1599 συνεχ.
1854 1518 1998 1579 eod.
2025 1519 2159 1581 Vat.
2194 1519 2296 1582 fol.
2325 1518 2470 1588 164.

600 1598 751 1666 Οἷον
778 1597 1034 1678 εὐωδίας
1062 1605 1199 1687 περὶ
1220 1600 1328 1667 τόν
1351 1599 1497 1685 οἷέρα
1525 1604 1807 1684 χεθείσης
1819 1603 1899 1684 ²).
1928 1604 2072 1663 cod.
2101 1603 2237 1666 vat.
2273 1605 2378 1664 fol.
2409 1604 2554 1672 204.

592 1686 662 1751 Ὅ
686 1686 898 1766 παρών
924 1684 1130 1765 οὗτος,
1175 1684 1372 1771 ὥσπερ
1411 1685 1706 1767 ἐφόλκιον.
1736 1690 1882 1752 Cod.
1915 1689 2047 1748 Vat.
2071 1689 2174 1748 fol.
2202 1694 2350 1755 206.

578 1768 721 1835 ’Ὁτι
758 1770 825 1835 δὲ
866 1778 953 1859 τῷ
975 1769 1367 1856 λαμπροτάτῳ
1395 1777 1507 1837 τοῦ
1533 1773 1821 1855 βασιλέως
1842 1773 1963 1857 υἱῷ
1994 1772 2068 1855 ³).
2100 1774 2244 1835 Cod.
2279 1774 2398 1835 Vat
2430 1773 2539 1833 fol.
2576 1776 2722 1839 217.

603 1857 810 1936 Πένης
835 1856 868 1922 ὅ
890 1856 1105 1941 παρών
1141 1857 1245 1921 καὶ
1290 1855 1642 1939 δυνάμενος.
1671 1859 2048 1921 Brevissima.
2096 1859 2242 1921 Cod.
2270 1861 2406 1919 Vat.
2440 1860 2546 1921 fol.
2580 1859 2723 1926 194.

601 1939 697 2029 ΣΙ)
728 1936 794 2006 δ’
829 1939 1112 2026 ἐγχώριον
1145 1939 1314 2025 οἶμαι
1389 1948 1418 1963 ‘¹'
1444 1944 1703 2029 διανοίᾳ.
1740 1943 2036 2024 Philolog.
2087 1943 2233 2007 Cod.
2277 1944 2410 2007 Vat-
2443 1942 2551 2004 fol.
2579 1947 2681 2009 98.

611 2023 692 2090 Τὸ
718 2024 830 2109 μὲν
856 2024 1005 2110 πρὸς
1033 2026 1245 2112 ἄνδρα.
1278 2030 1360 2089 Co
1409 2071 1427 2090 .
1474 2030 1701 2091 Caesar.
1721 2031 1868 2095 174.

615 2110 695 2175 Τὸ
720 2110 829 2188 μὲν
857 2111 1011 2195 ὖπὲρ
1042 2119 1154 2177 τοῦ
1178 2110 1478 2197 παρόντος
1505 2113 2009 2196 λέγειν.’Βι·ονὶιε.
2039 2114 2187 2177 Cod.
2217 2111 2352 2176 Vat.
2385 2113 2495 2176 fol.
2535 2115 2683 2179 206.

692 2198 802 2257 His
842 2199 1102 2259 addatur
1132 2202 1415 2280 epistola,
1463 2200 1606 2280 περὶ
1644 2203 1976 2279 στρατηγοῦ
2005 2222 2171 2273 τινος
2207 2193 2485 2278 φαύλου,
2527 2199 2730 2272 κακᾶς

522 2285 634 2363 τῆς
659 2280 719 2362 ⁴)
751 2278 978 2357 πόλεως
999 2283 1392 2358 διατιθέντος.
1420 2285 1567 2344 Cod.
1594 2285 1822 2344 Caesar.
1853 2282 2044 2344 theol.
2081 2284 2223 2349 174.

694 2367 765 2426 In
810 2369 1019 2429 eodem
1061 2369 1269 2428 codiee
1295 2369 1578 2428 Caesareo
1615 2377 1824 2427 extant
1861 2366 2146 2448 epistolae
2177 2367 2363 2444 duae,
2409 2367 2673 2448 scriptae
2697 2386 2733 2426 a

527 2453 796 2529 Gregora
809 2476 832 2528 ,-
893 2474 1150 2534 quarum
1189 2454 1243 2515 N
1245 2455 1484 2514 esselius
1524 2473 1639 2514 nee
1680 2452 2105 2534 inscriptiones
2149 2473 2263 2514 nec
2304 2452 2483 2513 initia
2523 2454 2733 2515 decla-

525 2538 708 2604 ravit.

1244 2777 2013 2848 ELOGIA.

696 2908 1059 2971 Incredibile
1113 2908 1284 2971 dictu
1324 2918 1446 2988 est,
1490 2929 1671 2990 quam
1722 2909 1962 2973 diversa
2001 2908 2232 2971 fuerint
2292 2909 2366 2969 de
2410 2893 2740 2988 Nicephori

531 2997 830 3076 Gregorae
869 2995 1141 3075 ingenio,
1191 2995 1462 3055 doctrina
1501 3004 1565 3054 et
1602 2995 1870 3057 moribus
1914 2995 2142 3056 iudicia
2175 2995 2550 3056 eruditorum
2571 3040 2589 3070 ,
2636 2993 2741 3072 qui

530 3082 631 3141 vel
675 3083 949 3162 aequales
987 3081 1043 3140 ei
1084 3081 1183 3152 vel
1211 3081 1389 3141 aetati
1412 3081 1543 3140 eius
1572 3101 1859 3162 suppares
1887 3083 2116 3143 vixere.
2203 3080 2326 3140 Alii
2353 3079 2511 3139 enim
2541 3082 2740 3159 ipsum

528 3168 887 3244 immodice,
930 3187 1011 3226 ne
1058 3166 1256 3226 dicam
1294 3166 1534 3248 putide,
1576 3164 1935 3245 laudarunt3
1981 3167 2084 3226 alii
2114 3164 2539 3226 contumeliose
2566 3164 2740 3223 obla-

530 3260 792 3310 trarunt.
864 3254 959 3312 En
999 3252 1169 3330 Tibi,
1211 3253 1406 3313 Annas
1442 3250 1852 3330 Nobilissime,
1894 3252 2212 3331 utriusque
2246 3250 2479 3329 generis
2527 3248 2738 3327 elogia,

534 3354 606 3395 eo
639 3335 852 3395 ordine
878 3335 1132 3414 digesta,
1177 3347 1249 3396 ut
1271 3338 1508 3397 laudem
1537 3336 1954 3416 reprehensio,
1997 3336 2402 3396 adulationem
2432 3334 2741 3394 obtrecta-

535 3421 625 3480 tio
667 3420 934 3499 excipiat
968 3429 1028 3479 et
1067 3422 1345 3500 proxime
1388 3422 1807 3500 subsequatur.
1893 3424 2002 3482 Est
2038 3423 2239 3502 itaque
2263 3420 2385 3480 hoc
2409 3419 2580 3500 quasi
2605 3439 2742 3478 cer-

534 3515 740 3565 tamen
785 3506 860 3566 de
907 3507 1063 3564 fama
1112 3516 1175 3564 et
1201 3505 1637 3566 existimatione
1670 3507 1970 3587 Gregorae
1987 3529 2005 3585 3
2052 3511 2218 3567 cuius
2249 3516 2322 3566 tu
2352 3505 2742 3584 incorruptus

539 3598 605 3651 et
643 3589 866 3651 affectu
905 3609 1135 3651 vacuus
1162 3590 1349 3650 iudex
1375 3591 1633 3651 sedebis:
1680 3612 1830 3671 quae
1859 3613 1974 3673 pro
2006 3595 2113 3669 eo',
2157 3611 2310 3671 quae
2347 3599 2557 3650 eontra
2589 3587 2743 3647 affe-

535 3685 752 3737 rentur
766 3669 799 3754 ‚‘
825 3675 1071 3736 alternis
1106 3676 1345 3749 audies3
1390 3697 1461 3737 ac
1499 3677 1740 3736 demum
1769 3677 2079 3738 variorum
2101 3676 2416 3736 hominnm
2442 3673 2743 3753 suffragiis

532 3761 880 3844 perpensis,
923 3761 1276 3822 sententiam
1301 3763 1451 3822 feres
1480 3782 1660 3842 quam
1688 3762 2119 3843 aequissimam.
2209 3763 2411 3837 Certe,
2457 3779 2575 3839 qua
2606 3779 2743 3840 per-

536 3847 887 3927 spicacitate
928 3869 1023 3924 es,
1067 3848 1244 3907 facile
1294 3869 1565 3908 secernes
1609 3868 1750 3908 vera
1796 3871 1830 3907 a
1857 3847 2019 3908 falsis
2037 3892 2055 3926 ,
2100 3857 2160 3907 et
2188 3846 2425 3924 neutri,
2465 3854 2538 3905 ut
2564 3855 2740 3927 puto,

536 3953 648 3993 nec
697 3933 997 3996 adulatori
1036 3953 1152 3993 nee
1190 3934 1574 3995 obtrectatori
1603 3933 1960 3994 assentieris.

610 4066 671 4135 1)
706 4064 845 4119 Idem
895 4069 979 4119 est
1028 4064 1227 4150 initium
1270 4070 1433 4150 atque
1480 4066 1731 4150 orationis
1775 4067 1841 4121 ab
1885 4065 2039 4121 Irene
2085 4068 2322 4134 Augusta
2361 4064 2572 4147 habitae
2604 4064 2744 4133 apud

676 4134 994 4256 ,ὟὲῖῗὲἒΨ
1014 4134 1188 4271 ᾞΞἛ
1240 4136 1405 4259 ¹1¹5&
1418 4137 1866 4276 fflssmss.
1893 4136 2743 4284 fisszmvffffiptssfitxssffss‘i}

672 4273 871 4326 fectmn
904 4273 1102 4326 fuisses
1219 4292 1279 4328 us
1305 4277 1383 4328 rei
1409 4276 1561 4344 signa
1591 4280 1739 4329 erant
1761 4282 1844 4328 tot
1869 4274 2130 4357 prooemia
2151 4289 2363 4345 operum
2398 4289 2635 4339 suorum,
2669 4288 2744 4323 ei—

676 4341 793 4396 dem
828 4351 1135 4413 nuncupata.
1276 4344 1338 4415 4)
1372 4345 1673 4415 negandum
1711 4341 1784 4402 τὰ
1827 4363 1927 4414 της
1962 4363 2020 4399 π.
