3094 4876
29 2937 45 3196 Mrjn„ss‡‚.„„-
26 2797 33 2892 -jssq

514 347 606 398 110
968 331 1442 405 NICEPHORI
1482 330 1966 405 GREGORAE
2004 330 2254 402 VITA.

508 514 652 558 eum
692 502 958 556 montem
991 492 1398 555 incolentibus
1438 492 1513 554 ab
1545 490 1838 552 historico
1880 489 2110 552 obiecta
2124 535 2144 569 ,
2189 489 2260 552 in
2289 488 2506 553 iisdem
2534 490 2714 554 libris

512 581 870 644 observavit.
953 579 1123 654 Quae
1164 588 1233 639 ut
1272 580 1420 639 falsa
1456 597 1585 638 esse
1622 586 1927 656 argueret,
1968 577 2226 638 arbitros
2275 597 2609 638 convocare
2648 586 2714 640 et

514 686 723 726 eorum
754 664 981 726 iudicio
1013 684 1322 725 censuram
1348 663 1488 725 libri
1508 663 1859 744 permittere
1887 663 2219 723 constituit.
2304 663 2502 723 Acciti
2523 663 2712 742 igitur

510 751 633 812 viri
668 751 969 827 illustres,
1028 759 1089 809 et
1129 749 1360 809 civium
1398 748 1872 829 Byzantinorum
1908 747 2249 808 lectissimi:
2299 749 2407 828 qui
2448 747 2551 808 ubi
2590 747 2713 809 cri-

436 870 441 877 ·
511 835 770 896 minosas
813 836 949 895 illas
979 834 1350 896 narrationes
1377 853 1488 915 per
1515 834 1804 894 lectorem
1836 833 2115 893 recitatas
2148 831 2509 893 audiverunt
2526 878 2544 909 ,
2584 853 2713 894 una

512 940 721 981 omnes
760 940 910 981 voce
959 920 1296 1001 Gregomm
1332 916 1514 981 valde
1551 916 1895 978 mendacem
1928 929 1985 977 et
2010 917 2419 1000 impudentem
2439 929 2496 977 et
2524 919 2712 979 levem
2813 988 2842 1005 ι

512 1027 637 1066 sese
666 1008 1185 1086 pronunciarunt.
1270 1005 1362 1065 Ita
1405 1006 1700 1085 Gregoras
1730 1003 1936 1065 absens
1968 1015 2030 1064 et
2061 1004 2366 1066 inauditus
2391 1004 2712 1067 damnatus

511 1099 622 1153 est.
666 1092 747 1152 At
769 1090 892 1167 hic,
922 1090 1028 1151 ubi
1049 1111 1178 1151 rem
1193 1090 1458 1168 rescivit,
1488 1110 1659 1171 aegre
1684 1089 2008 1150 admodum
2021 1090 2191 1168 tulit,
2220 1099 2281 1150 et
2297 1091 2712 1150 Cantacuzeno

512 1186 812 1237 convento
851 1175 1020 1236 hunc
1041 1176 1416 1258 triumphum
1444 1185 1518 1235 ut
1555 1175 1830 1256 iniquum
1865 1174 2286 1257 exprobravit:
2333 1195 2524 1255 neque
2547 1175 2713 1235 enim

510 1280 904 1342 quaecunque
921 1278 1137 1322 nomen
1152 1270 1337 1322 suum'
1353 1262 1744 1343 praeferrent,
1762 1281 1827 1319 ea
1851 1260 2049 1320 omnia
2078 1260 2391 1341 scripsisse
2418 1281 2511 1321 see
2554 1280 2713 1341 quae

512 1357 733 1405 contra
786 1349 1033 1407 Tamum
1077 1351 1312 1427 scripta
1352 1348 1913 1425 circumferrentur,
1958 1366 2075 1404 sua
2099 1366 2225 1403 esse
2233 1368 2258 1420 ,-
2302 1367 2464 1425 quae
2497 1357 2716 1406 contra

515 1431 1025 1508 Cantacusenum,
1067 1435 1293 1492 nescire
1324 1453 1387 1491 ae
1427 1434 1609 1490 cuiue
1616 1432 1868 1507 forent:
1910 1430 2060 1491 velle
2085 1441 2305 1506 autem,
2350 1431 2464 1489 ubi
2485 1443 2717 1490 nactus

511 1527 693 1594 met,
739 1539 811 1577 ea
848 1520 1222 1599 supprimere
1228 1539 1253 1593 ,-
1297 1537 1451 1596 quae
1486 1518 1545 1574 ai
1586 1518 1772 1594 prius
1805 1518 2163 1594 accepisset,
2209 1534 2396 1594 quam
2426 1516 2518 1575 ad
2539 1518 2716 1575 alio-

509 1622 652 1661 rum
698 1623 878 1663 aures
925 1606 1225 1677 venirent,
1287 1604 1425 1681 igni
1464 1599 1926 1664 mandaturum.
2024 1599 2189 1659 Haec
2235 1600 2371 1676 ille;
2431 1600 2509 1658 ad
2556 1618 2714 1679 quae

508 1687 953 1747 Cantaeuzenus
996 1687 1225 1747 ironice
1266 1684 1615 1767 respondit,
1656 1693 1726 1744 ut
1766 1684 1963 1746 ridere
1989 1685 2197 1766 potius
2224 1702 2404 1764 quam
2434 1686 2713 1745 refellere
2773 1732 2798 1742 -

505 1768 832 1832 videretur.
920 1771 1106 1851 Atqui
1147 1771 1471 1850 Gregoras‚
1518 1790 1655 1831 cum
1692 1779 1936 1849 negaret
1983 1789 2089 1830 sua
2132 1789 2257 1830 esse
2298 1790 2450 1849 quae
2482 1771 2713 1829 Canta-

507 1872 771 1915 cuzenus
815 1855 1053 1936 publice
1085 1856 1402 1936 arguisset,
1436 1854 1603 1916 baud
1648 1856 2074 1928 mentiebatur3
2112 1854 2230 1915 nisi
2256 1855 2410 1915 forte
2438 1855 2712 1916 diversos

504 1938 580 1998 ab
608 1940 683 2000 iis
710 1942 816 2020 qui
840 1950 1164 2029 supersunt
1189 1940 1490 2001 Historiae
1501 1941 1865 2021 Byzantinae
1889 1939 2078 2000 libros
2107 1940 2471 2002 condiderat.
2553 1940 2712 2000 Nam

501 2022 573 2084 in
623 2022 719 2085 his
759 2046 907 2106 quos
953 2025 1235 2087 habemus
1283 2025 1465 2110 (sunt
1508 2036 1711 2086 autem
1759 2024 2348 2105 duodequadraginta
2389 2021 2708 2105 continui)

506 2109 583 2170 de
620 2110 744 2170 illis
792 2111 1093 2172 montanis
1132 2113 1392 2173 oraculis
1426 2133 1462 2171 a
1490 2112 1906 2171 Cantacuzeno
1952 2110 2243 2171 consultis
2273 2109 2432 2170 nihil
2461 2110 2710 2169 omnino

503 2195 801 2277 scriptum
847 2197 1147 2275 occurrit3
1193 2197 1269 2258 de
1298 2197 1521 2258 montis
1549 2196 1708 2257 Atho
1731 2195 2041 2257 monachis
2069 2196 2259 2255 multa
2289 2195 2557 2274 quidem;
2601 2193 2718 2255 sed.

500 2297 628 2340 non
665 2281 771 2341 illa
796 2281 949 2362 ipsa,
975 2302 1127 2362 quae
1156 2283 1602 2342 Cautacuzenus
1633 2283 1792 2362 apud
1816 2301 1881 2341 se
1906 2282 2059 2341 lecta
2088 2300 2214 2342 esse
2238 2290 2560 2358 memorat;
2587 2279 2715 2339 im-

500 2383 601 2425 mo
629 2387 732 2443 ea,
776 2386 926 2445 quae
949 2377 1008 2425 et
1029 2375 1291 2425 montem
1321 2376 1384 2429 et
1429 2364 1758 2426 monachos
1785 2366 1937 2426 mire
1968 2364 2392 2425 commendant
2418 2363 2492 2445 ¹).

667 2450 827 2510 Hinc
868 2451 1016 2510 adeo
1056 2461 1334 2532 apparet,
1375 2452 1565 2512 libros
1610 2452 1907 2530 Gregorae
1930 2451 2003 2511 ab
2036 2449 2381 2514 hominibus
2415 2449 2713 2531 improbis

497 2533 619 2594 iam
647 2543 777 2594 tum
812 2535 993 2595 fuisse
1021 2545 1337 2617 corruptos
1368 2557 1439 2596 ac
1466 2537 1863 2617 depravatos3
1907 2536 2166 2617 proinde
2197 2555 2342 2596 vera
2370 2555 2513 2612 esse,
2558 2556 2715 2617 quae
2749 2601 2755 2610 ,

499 2617 603 2679 hic
630 2620 848 2680 ultimo
874 2621 1176 2682 Historiae
1201 2622 1357 2683 libro
1388 2622 1462 2681 de
1498 2622 1982 2683 adversariorum
2010 2621 2279 2701 nequitia
2303 2630 2365 2681 et
2392 2622 2566 2681 malis
2607 2643 2712 2683 ar-

498 2704 664 2764 tibus
703 2705 1009 2785 queritur,
1056 2706 1219 2786 quod
1254 2706 1302 2767 ii
1339 2708 1533 2766 multa
1572 2708 1917 2768 clanculum
1957 2728 2037 2767 ex
2079 2707 2203 2767 suis
2240 2707 2520 2788 operibus
2548 2709 2713 2768 ferro

497 2798 726 2850 resecta
769 2791 1167 2870 sustulissent,
1212 2801 1274 2852 et
1300 2792 1501 2852 littera
1527 2813 1651 2852 una
1686 2794 1785 2854 vel
1814 2793 1992 2853 etiam
2026 2792 2306 2873 pluribus
2328 2813 2435 2853 seu
2465 2793 2713 2869 additis,

499 2893 608 2933 sen
638 2873 897 2936 invicem
930 2877 1302 2957 permutatis,
1346 2898 1560 2938 verum
1593 2899 1665 2938 ac
1689 2887 1924 2939 rectum
1957 2898 2198 2938 sensum
2229 2877 2474 2939 omnino
2503 2878 2716 2940 inver-

498 2958 743 3037 tissent,
786 2971 857 3021 ut
886 2966 1010 3040 φεῦ
1034 2983 1147 3043 pro
1179 2954 1281 3041 εὖ,
1324 2959 1513 3027 κακὰν
1545 2984 1661 3043 pro
1684 2959 1905 3041 καλᾶν,
1946 2959 2099 3027 κατὰ
2124 2984 2238 3044 pro
2264 2963 2435 3046 περὶ,
2478 2964 2716 3042 legere-

494 3052 619 3105 tur.
705 3045 1111 3121 Quamobrem
1138 3049 1315 3108 etiam
1345 3049 1602 3109 lectores
1633 3048 1934 3126 admonet,
1975 3048 2388 3129 hortaturque,
2420 3058 2490 3109 ut
2511 3049 2714 3110 libro-

494 3148 636 3190 rum
695 3151 939 3194 suornm
1004 3133 1364 3215 exemplaria
1424 3135 1740 3195 conferant
1753 3155 1772 3211 ;
1833 3154 1984 3214 quae
2029 3134 2292 3216 plurima
2335 3134 2421 3194 ait
2467 3145 2714 3196 extare:

496 3215 719 3295 quippe
761 3237 826 3277 se
840 3263 858 3294 ,
909 3218 1200 3280 eiusmodi
1242 3219 1483 3281 fraudes
1519 3229 2046 3301 praemetuentem,
2090 3237 2330 3302 operam
2359 3219 2618 3300 dedisse,
2645 3227 2717 3280 ut

491 3301 685 3359 multa
713 3301 1053 3384 apographa
1077 3304 1521 3385 discipulorum
1551 3326 1735 3367 manu
1765 3326 1947 3387 quam
1981 3305 2431 3366 accuratissime
2457 3325 2578 3367 suo
2610 3303 2715 3367 vel

492 3383 827 3445 amicorum
867 3398 1121 3468 sumptu
1159 3390 1658 3452 describerentur.

663 3469 941 3531 Fortasse
975 3473 1192 3550 igitur,
1234 3483 1308 3533 ut
1331 3476 1636 3555 plerisque
1667 3474 2038 3553 auctoribus,
2074 3475 2159 3536 ita
2189 3476 2363 3536 etiam
2391 3473 2706 3556 Nicepho-

488 3574 563 3615 ro
595 3555 894 3634 Gregorae
921 3557 1209 3636 quaedam
1237 3559 1385 3619 falso
1412 3561 1865 3639 adscribuntur,
1910 3561 2119 3643 spuria
2147 3561 2433 3622 videlicet
2466 3569 2528 3620 et
2552 3579 2706 3639 sup-

488 3639 794 3720 posititia=
840 3641 1176 3703 cuiusmodi
1206 3664 1333 3704 esse
1360 3645 1635 3705 existimo
1664 3647 1963 3706 somnium
1994 3647 2150 3707 illud
2189 3645 2633 3728 propheticum,
2667 3662 2703 3701 a

489 3723 808 3787 Philotheo
847 3726 1193 3809 patriarcha
1228 3730 1596 3811 productum
1620 3729 1679 3808 2)
1727 3740 1788 3792 et
1816 3731 2168 3812 explosum:
2212 3731 2378 3812 quod
2420 3729 2704 3811 quoniam

489 3810 767 3872 nondum
819 3814 988 3895 typis
1040 3815 1269 3875 editum
1312 3825 1434 3894 est,
1478 3816 1652 3877 iuvat
1691 3815 1813 3877 hoc
1857 3817 1995 3877 loco
2034 3818 2334 3897 integrum
2381 3811 2706 3898 apponet&

490 3895 783 3974 Gregoras
801 3898 978 3960 domo
1006 3899 1279 3960 inclusus
1297 3896 1355 3984 ⁸)
1385 3900 1857 3982 Agathangelum
1884 3902 2098 3962 furtim
2112 3902 2444 3981 ingressum
2471 3911 2531 3961 et
2554 3916 2702 3959 mox

488 3979 825 4053 abiturum,
870 3984 939 4044 in
973 3987 1206 4067 epilogo
1240 3986 1457 4065 Operis
1482 3986 1905 4064 Antirrhetici,
1950 3989 2113 4068 quod
2143 3985 2493 4048 Philotheus
2527 3984 2704 4046 refu-

493 4064 1081 4174 qndumsascepit,
1113 4070 1211 4132 hia
1254 4072 1598 4153 alloquitur.
1683 4065 1842 4137 Emi
1874 4069 1942 4136 δὲ
1973 4068 2182 4157 midde»
2216 4076 2460 4137 νυκτῶν
2497 4067 2572 4134 τὰ
2593 4071 2703 4149 τῆς

561 4266 623 4338 1)
667 4267 802 4323 Vide
834 4269 974 4326 Hist.
1010 4271 1101 4326 lib.
1139 4289 1251 4326 xxv.
1289 4291 1403 4344 cap.
1438 4276 1488 4329 7.
1627 4273 1694 4344 2)
1725 4273 2019 4330 Antii-rhet.
2075 4289 2170 4328 xu-
2225 4272 2358 4330 Cod-
2393 4291 2504 4345 τος.
2547 4268 2698 4331 1996·

627 4338 723 4394 t'ol.
757 4341 881 4398 29⁷.
1019 4343 1085 4413 3)
1119 4344 1181 4397 Δ.
1216 4345 1281 4401 C.
1315 4353 1575 4398 nocam.
