3094 4876
549 347 697 395 1111
1000 334 1469 403 NICEPHORI
1509 332 1991 402 GREGORAE
2030 333 2268 403 VITA.

549 515 693 556 nere
738 492 913 554 dixit.
975 494 1067 554 Ita
1091 493 1309 553 sensim
1332 501 1394 553 et
1415 493 1545 554 sine
1569 511 1750 552 sensu
1771 492 2072 572 producta
2093 490 2162 552 in
2185 492 2446 552 medium
2471 510 2540 550 ea
2564 512 2742 571 quam

544 591 677 645 wat
696 580 1156 661 praemeditatus
1191 579 1528 658 quaestione
1544 623 1563 656 ,
1594 597 1764 638 suam
1792 579 1869 638 de
1899 578 1996 638 die
2013 575 2281 659 paschali
2314 578 2742 638 constituendo

549 665 905 726 sententiam
944 666 1285 726 luculenter
1329 664 1653 745 explicuit:
1712 662 2114 742 investigandi
2150 664 2514 743 aequinoctii
2548 665 2743 739 verni,

545 753 691 812 item
715 750 1033 832 plenilunii
1063 750 1417 811 observandi
1444 750 1739 810 rationem
1763 749 2044 810 tradidit:
2088 749 2165 810 ad
2188 750 2313 809 dies
2341 768 2590 826 ccmv,
2634 750 2749 828 qui

551 856 779 897 annum
819 837 1071 896 solarem
1110 837 1578 913 constituerent,
1634 835 1938 913 integrum
1978 834 2156 896 unius
2187 835 2305 895 diei
2349 835 2748 913 quadrantem

547 942 677 984 non
706 920 917 983 debere
950 922 1091 982 addi
1119 922 1416 999 ostendit,
1458 921 1564 982 sed
1591 920 2000 980 deducendam
2030 920 2174 980 inde
2202 929 2435 1001 partem
2467 919 2586 979 diei
2611 919 2748 978 bre-

545 1007 873 1083 vissimam,
894 1027 1025 1067 non
1049 1017 1251 1068 tamen
1273 1007 1746 1068 trecentesimam
1767 1007 1957 1087 ipsam
1987 1026 2269 1088 prorsus,
2312 1014 2384 1066 ut
2416 1005 2753 1065 censuisset

545 1090 917 1158 Ptolemaeus
933 1115 952 1150 ε
992 1092 1108 1152 alia
1134 1092 1391 1173 denique
1416 1093 1606 1153 multa
1631 1092 1699 1151 in
1727 1112 1856 1151 eam
1890 1112 2020 1153 rem
2050 1091 2379 1171 congessit,
2421 1109 2500 1150 ex
2526 1089 2751 1169 quibus

545 1177 618 1239 id
654 1178 1055 1256 efficiebatur,
1098 1179 1172 1239 ab
1215 1200 1373 1240 anno
1402 1178 1612 1239 mundi
1661 1178 1785 1239 fere
1828 1197 1916 1237 vi.
1943 1197 2102 1237 mccc
2122 1224 2141 1255 ,
2208 1177 2316 1256 qui
2357 1175 2477 1236 fuit
2523 1174 2753 1235 Christi

545 1283 796 1325 nccxcn
812 1307 835 1340 ‚
877 1273 1140 1325 erratum
1182 1284 1310 1326 esse
1351 1265 1421 1325 in
1456 1263 1737 1345 ponenda
1772 1272 2114 1343 temporum
2151 1263 2384 1322 ratione
2399 1303 2417 1335 ,
2461 1270 2637 1341 atque
2677 1260 2754 1318 in

538 1348 854 1411 ⁴‘Pascbatis
891 1349 990 1410 die
1035 1351 1439 1426 observand05
1492 1367 1631 1408 eum
1673 1367 1819 1408 vero
1862 1366 2128 1407 errorem
2174 1346 2261 1404 ita
2287 1365 2466 1426 posse
2508 1342 2753 1425 corrigi,

548 1435 604 1495 si
655 1434 734 1496 de
786 1434 1020 1495 dierum
1061 1456 1288 1496 summa
1329 1434 1512 1517 paulo
1563 1433 1705 1513 plus
1777 1431 1960 1492 biduo
2019 1432 2254 1508 integro
2313 1430 2754 1505 detraheretur,

547 1528 611 1581 et
652 1519 960 1583 Paschatis
1008 1521 1344 1582 observatio
1404 1518 1682 1600 proxime
1734 1526 1876 1576 ante
1936 1516 2094 1576 diem
2133 1515 2344 1577 Martii
2389 1515 2757 1596 vigesimum

542 1605 997 1678 institueretur,
1093 1625 1248 1685 quae
1318 1626 1352 1664 a
1407 1602 1692 1682 vigesimo
1767 1601 2036 1661 secundo
2110 1620 2427 1683 perperam
2507 1600 2755 1660 institui

544 1691 785 1750 soleret.
882 1690 1210 1770 Imperator
1256 1688 1580 1749 consilium
1648 1687 1724 1748 de
1771 1685 2059 1747 Paschate
2113 1685 2474 1763 corrigendo
2518 1684 2758 1767 proba-

542 1774 677 1851 vit3
715 1794 844 1833 rem
871 1774 1065 1854 ipsam
1094 1775 1334 1854 aggredi
1356 1773 1554 1834 noluit
1577 1820 1596 1851 ,
1642 1772 1811 1852 quod
1844 1780 2088 1851 negaret
2115 1771 2295 1831 facile
2321 1791 2449 1831 esse
2480 1771 2757 1831 omnium

542 1859 855 1919 nationum
885 1857 1166 1939 suffragia
1214 1860 1493 1940 colligere
1509 1903 1528 1936 ,
1571 1866 1631 1917 et
1667 1867 1980 1938 receptum
2019 1865 2151 1916 toto
2200 1856 2347 1917 orbe
2390 1876 2568 1916 usum
2597 1855 2757 1915 abo—

543 1942 688 2005 lere.
776 1943 1073 2023 Gregorae
1119 1947 1474 2006 sententiam
1506 1943 1609 2003 alii
1652 1952 1862 2024 postea
1905 1940 2234 2002 astronomi
2276 1940 2755 2020 chronologique

545 2028 973 2107 defenderunt,
1015 2039 1193 2111 atque
1214 2030 1489 2112 inprimis
1512 2029 1683 2089 Isaac
1710 2027 1996 2108 Argyrus.
2081 2028 2331 2087 Saeculo
2380 2026 2621 2086 demum
2648 2025 2757 2086 de-

544 2113 705 2174 cimo
738 2123 942 2191 sexto,
986 2134 1054 2174 ea
1079 2116 1426 2195 quaestione
1457 2113 1622 2195 apud
1645 2114 1892 2173 Latinos
1939 2131 2181 2193 quoque
2225 2113 2444 2189 agitata
2461 2155 2479 2188 ‚
2522 2111 2758 2170 Kalen-

543 2198 783 2260 darium
824 2220 903 2259 ex
927 2202 1287 2261 auctoritate
1311 2198 1586 2279 Gregorii
1614 2199 1776 2276 xm,
1820 2219 1892 2259 eo
1921 2199 2047 2258 sere
2074 2197 2278 2275 modo,
2310 2216 2489 2278 quem
2520 2196 2757 2275 Grego-

540 2303 640 2345 ras
668 2284 1109 2364 designaverat,
1151 2286 1545 2347 reformatum
1566 2283 1703 2343 fuit.

707 2384 887 2447 Anno
933 2402 1267 2448 ucccxxn.
1309 2386 1539 2466 legatus
1570 2384 1691 2445 ivit
1718 2382 1798 2444 sd
1828 2381 2063 2445 Cralem
2095 2381 2174 2464 ι).
2257 2383 2405 2445 Eius
2438 2380 2759 2461 legationis

540 2489 719 2530 causa
744 2469 897 2531 haec
925 2471 1058 2533 fuit.
1117 2470 1423 2533 Theodori
1449 2469 1810 2531 Metochitae
1836 2468 1959 2528 filia
1981 2470 2177 2545 Irene,
2223 2478 2463 2529 mortuo
2498 2467 2760 2546 coniuge

539 2554 764 2617 Ioanne
795 2556 1175 2635 Palaeologo,
1223 2556 1330 2637 qui
1359 2576 1437 2616 ex
1462 2554 2012 2635 Panhypersebasto
2044 2554 2259 2614 Caesar
2290 2562 2525 2613 creatus
2549 2553 2763 2612 novis-

539 2640 688 2700 sime
714 2642 942 2719 fuerat,
982 2642 1145 2721 apud
1179 2642 1408 2702 Cralem
1441 2659 1728 2721 generum
1756 2640 2136 2717 morabatur,
2180 2660 2251 2699 ac
2283 2640 2528 2700 domum
2549 2637 2761 2700 redire

538 2726 614 2785 ad
645 2736 877 2807 pau-em
903 2727 1236 2787 recusabat.
1316 2727 1523 2805 Itaque
1555 2724 1908 2786 Metochites
1938 2734 2113 2806 pater
2156 2734 2366 2785 auctor
2407 2724 2525 2784 fuit
2550 2723 2762 2804 Impe—

536 2811 727 2872 ratori
741 2857 761 2889 ,
806 2820 877 2873 ut
904 2832 1034 2871 eam
1065 2813 1264 2872 redire
1298 2820 1554 2890 cogeret.
1638 2812 1727 2886 De
1764 2831 1831 2870 ea
1861 2832 1929 2871 re
1965 2811 2134 2872 missi
2172 2811 2250 2870 ad
2284 2810 2517 2870 Cralem
2555 2809 2762 2888 legati,

538 2915 797 2975 quorum
824 2917 981 2957 unus
1010 2896 1129 2960 fuit
1154 2899 1444 2977 Gregoras
1461 2941 1479 2974 ‚
1521 2916 1719 2957 comes
1749 2897 1923 2957 datus
1950 2896 2127 2957 fratri
2153 2895 2343 2977 ipsius
2373 2896 2594 2958 Irenes.
2683 2896 2766 2956 In

537 3001 606 3040 ea
633 2981 963 3060 legatione,
1001 3003 1149 3062 quae
1169 2983 1285 3043 sibi
1310 2992 1372 3043 et
1400 2983 1580 3043 sociis
1607 2982 1735 3042 suis
1759 2982 1825 3040 in
1848 2981 2062 3042 itinere
2092 2980 2455 3057 acciderint,
2501 3000 2762 3056 errores,

538 3067 842 3147 pericula,
887 3078 948 3130 et
979 3068 1127 3129 alios
1155 3088 1329 3129 casus
1360 3068 1488 3128 fuse
1522 3068 1809 3128 describit
1835 3068 1902 3127 in
1939 3067 2224 3128 Historia.
2314 3067 2519 3127 Crales
2548 3066 2765 3125 audita

540 3151 835 3229 legatione
878 3173 1118 3215 socrum
1168 3154 1382 3214 Irenen
1428 3153 1678 3215 dimisit.
1761 3152 1944 3230 Haec,
1998 3163 2070 3213 ut
2100 3152 2233 3213 viro
2261 3152 2421 3212 iusta
2445 3152 2762 3234 persolve-

540 3244 665 3314 ret,
708 3235 1198 3299 Thessalonicam
1240 3239 1386 3300 inde
1412 3241 1690 3320 profecta
1735 3250 1840 3301 est.
1928 3238 2222 3319 Gregoras
2265 3257 2442 3315 vero,
2489 3234 2759 3317 acceptis

546 3319 619 3379 ab
651 3341 719 3381 ea
748 3321 1077 3400 mandatis,
1120 3324 1480 3404 Byzantium
1513 3323 1715 3385 rediit.

710 3422 965 3484 Biennio
1009 3435 1151 3507 post
1171 3423 1230 3507 ²)
1284 3423 1489 3485 iunior
1528 3424 1915 3487 Andronicus
1955 3422 2523 3504 Constantinopolin
2563 3430 2760 3482 noctu

539 3518 654 3589 per
684 3509 1093 3588 proditionem
1126 3510 1430 3590 ingressus
1464 3521 1575 3572 est.
1663 3512 1896 3571 Seniori
1926 3519 2188 3593 potestas
2224 3510 2418 3570 omnis
2451 3508 2755 3586 abrogata.

541 3591 844 3653 Theodori
872 3594 1229 3656 Metochitae
1262 3596 1473 3656 domus
1515 3595 1784 3677 direptaz
1825 3596 1956 3677 ipse
1981 3593 2480 3675 Didymotichum
2519 3593 2757 3672 relega-

539 3687 640 3738 tus
665 3675 719 3760 ⁸)
735 3724 753 3756 ‚
796 3679 955 3740 unde
989 3689 1129 3761 post
1166 3680 1475 3741 biennium
1514 3690 1836 3743 revocatus
1877 3681 2121 3740 domum
2154 3680 2352 3742 rediit.
2440 3679 2754 3758 Gregoras,

542 3764 649 3841 qui
676 3765 910 3825 easdem
937 3775 1136 3845 partes
1171 3775 1460 3848 sequutus
1488 3767 1719 3843 fuerat,
1758 3765 1932 3826 bonis
1961 3767 2288 3848 spoliatus,
2330 3773 2394 3825 at
2421 3785 2546 3824 non
2578 3765 2756 3823 etiam

539 3847 608 3906 in
647 3850 896 3910 exilium
931 3851 1146 3912 missus
1171 3848 1289 3932 4).-
1337 3851 1636 3913 Nimirum
1661 3851 1836 3929 huic,
1879 3850 2024 3933 quia
2062 3854 2188 3913 otio
2232 3861 2294 3912 et
2326 3848 2758 3929 tranquillitati

541 3952 777 4014 semper
804 3936 1122 3998 studuerat
1140 3982 1156 4014 ,
1200 3957 1312 3999 nec
1354 3936 1601 4019 publica
1629 3937 1867 4016 negotia
1892 3947 2261 3998 tractaverat
2276 3983 2295 4016 ,
2341 3935 2533 3996 levior
2559 3952 2756 4016 poena

541 4019 801 4099 irrogata
827 4030 934 4082 est.
1007 4022 1147 4083 Fuit
1172 4043 1414 4104 quoque
1440 4023 1499 4086 ei
1525 4023 1580 4084 is
1605 4043 1798 4083 annus
1812 4022 1866 4103 ⁶)
1892 4022 2135 4084 Ioannis
2160 4021 2483 4085 Heracleae
2516 4019 2754 4082 archie-

612 4203 675 4272 1)
720 4203 859 4258 Hist.
893 4205 982 4261 lib.
1014 4222 1129 4264 vm.
1171 4225 1222 4263 c.
1259 4207 1342 4264 14.
1511 4209 1579 4279 2)
1624 4210 1687 4264 Α.
1721 4210 1784 4263 G.
1822 4223 2157 4264 :cccxxvnn
2204 4225 2379 4264 mense
2422 4207 2583 4264 Maio.
2633 4205 2749 4259 Lib.

677 4289 754 4326 nt.
788 4292 834 4327 c-
861 4277 913 4330 6.
941 4284 999 4329 et
1031 4279 1086 4334 7.
1225 4277 1291 4346 8)
1338 4277 1544 4349 Dialog.
1578 4277 1706 4348 περὶ
1744 4280 1951 4352 σοφίας
1993 4278 2108 4335 cod.
2154 4296 2269 4351 reg.
2313 4274 2473 4339 8284.
2508 4277 2598 4333 fol.
2627 4269 2749 4334 24⁷·

682 4339 747 4412 4)
783 4345 999 4403 maen.
1136 4347 1201 4418 5)
1231 4348 1349 4402 Lib.
1380 4363 1458 4402 tx.
1495 4364 1541 4403 c.
1569 4348 1620 4402 7.
