3094 4876
568 370 796 421 mm
1035 358 1502 429 NICEPHORI
1543 360 2027 430 GREGORAE
2067 359 2302 431 VITA.

566 518 761 593 fiunt,
806 518 971 597 quod
998 518 1370 579 Barlaamum
1397 528 1651 598 uterque
1666 566 1686 595 ,
1727 518 1951 579 iudicio
1983 517 2275 579 iniurioso
2315 518 2606 580 offensum
2624 564 2645 597 ,
2685 519 2756 580 in

569 603 796 663 Italiam
828 604 1032 663 dicant
1067 604 1445 682 remigrasse,
1490 613 1551 663 et
1585 604 1661 663 ad
1689 605 2038 664 Latinorum
2063 604 2342 664 instituta
2379 625 2450 664 ac
2482 607 2754 683 dogmata

565 709 810 749 rursum
837 709 899 749 se
931 691 1314 754 convertisse.
1372 689 1600 750 Triduo
1625 690 1724 749 vel
1755 690 2075 770 quatriduo
2106 700 2243 769 post
2266 689 2529 751 habitam
2555 711 2752 769 syno-

564 773 708 833 dum
761 774 1093 855 Imperator
1145 776 1325 835 morti
1386 776 1699 856 proximus
1750 775 1828 834 ad
1875 775 2198 853 Gregoram
2252 776 2448 851 misit,
2509 774 2615 854 qui
2673 795 2752 835 ex

566 878 636 918 eo
666 859 1135 937 sciscitarentur,
1178 861 1490 920 facilemne
1523 861 1893 921 curationem
1919 869 2077 920 astra
2107 861 2492 941 sponderent,
2537 880 2614 919 an
2643 881 2751 919 co·-

564 944 805 1004 natibus
834 946 1201 1007 medicorum
1228 946 1550 1008 obstarent.
1635 948 1940 1027 Responso
1970 946 2242 1006 nondum
2268 956 2531 1026 accepto,
2564 946 2632 1004 in
2658 947 2756 1004 le-

561 1029 844 1108 thargum
899 1032 1169 1112 relapsus
1189 1080 1206 1108 ,
1267 1031 1453 1092 vitam
1503 1031 1705 1091 finivit
1765 1033 1922 1092 Iunii
1974 1032 2073 1092 die
2128 1051 2251 1109 xv,
2315 1052 2470 1090 anno
2532 1030 2756 1091 Christi

562 1135 849 1176 mccuxm.
944 1117 1145 1178 Tertio
1198 1118 1400 1178 luctus
1461 1118 1562 1177 die
1621 1117 1910 1197 Gregoras
1963 1118 2072 1177 vix
2132 1127 2265 1177 tum
2314 1117 2753 1194 convalescens,

561 1200 938 1281 patriarchae
963 1212 1023 1261 et
1050 1223 1252 1263 eorum
1283 1204 1387 1283 qui
1408 1202 1655 1263 aderant
1682 1203 1896 1262 domus
1921 1203 2216 1280 Augustae
2230 1201 2756 1283 Principumhor-

561 1294 729 1365 tatu,
773 1296 1076 1347 mortuum
1113 1289 1538 1371 Imperatorem
1564 1287 1749 1347 flebili
1790 1288 2055 1347 oratione
2095 1298 2495 1367 prosequutus
2524 1297 2630 1348 est.

730 1391 874 1449 Post
900 1388 1049 1450 haec
1079 1391 1242 1451 civili
1271 1390 1426 1451 bello
1450 1391 1724 1469 Byzantii
1747 1390 2126 1449 laborarunt:
2169 1390 2420 1447 ecclesia
2446 1391 2578 1470 ipsa
2603 1388 2757 1467 dog-

559 1475 797 1533 maticis
839 1476 1260 1536 Palamitarum
1301 1484 1361 1535 et
1400 1474 1948 1554 Acindynianorum
1982 1473 2134 1532 rixis
2161 1474 2528 1553 perturbata.
2604 1475 2756 1532 Nam

563 1558 883 1637 Gregorius
924 1561 1309 1640 Acindynus,
1352 1559 1662 1619 Barlaamo
1706 1560 1768 1619 in
1806 1559 2040 1619 Italiam
2073 1578 2332 1633 reverso,
2379 1558 2644 1617 desertae
2676 1557 2752 1615 ab

564 1665 635 1703 eo
678 1665 886 1704 causae
933 1647 1331 1726 patrocinium
1386 1654 1726 1726 susceperat
1757 1643 1843 1721 ι);
1888 1654 1946 1704 et
1999 1663 2355 1723 quamquam
2397 1643 2604 1702 eodem
2634 1661 2754 1721 quo

564 1729 912 1789 Barlaamus
951 1733 1136 1789 Tomo
1168 1730 1224 1810 2)
1278 1731 1568 1810 synodico
1582 1779 1602 1808 ,
1659 1731 1861 1790 statim
1902 1731 2026 1790 fere
2070 1738 2207 1810 post
2255 1726 2584 1787 Andronici
2630 1728 2757 1785 Im-

562 1814 861 1893 peratoris
899 1825 1185 1891 mortem,
1229 1826 1383 1875 esset
1419 1816 1765 1894 damnatus,
1810 1817 2107 1875 Palamam
2135 1813 2529 1873 nihilominus
2554 1813 2756 1873 vario-

560 1919 700 1957 rum
744 1919 1016 1960 errorum
1057 1920 1337 1961 accusare
1374 1901 1676 1982 pergebat.
1761 1901 1924 1960 Hinc
1957 1900 2418 1979 magnum'inter
2442 1898 2752 1975 theologos

562 1994 882 2045 certamen.
927 1987 1238 2064 Gregoras,
1272 1988 1443 2047 cuius
1468 1987 1721 2067 pacifica
1753 1987 1997 2047 consilia
2023 1985 2177 2044 nihil
2197 1995 2326 2043 tum
2353 1985 2513 2064 apud
2547 2002 2752 2061 quem-

563 2090 746 2148 quam
803 2071 1112 2147 valebant,
1176 2074 1247 2131 ab
1298 2073 1464 2131 aulae
1528 2074 1796 2132 tumultu
1853 2082 1913 2131 et
1963 2070 2276 2131 hominum
2313 2070 2644 2148 frequentia
2682 2067 2752 2126 in

562 2156 753 2215 otium
781 2166 841 2215 et
873 2157 1255 2218 solitudinem
1285 2159 1442 2219 ultro
1487 2159 1798 2237 concessit,
1843 2168 2021 2237 atque
2048 2158 2122 2217 ab
2158 2155 2323 2216 omni
2352 2153 2755 2235 disputatione

560 2240 667 2301 diu
716 2241 1019 2303 abstinuit.

729 2342 961 2402 Interea
1002 2344 1331 2421 astrologus
1358 2343 1626 2421 quidam,
1672 2364 1705 2403 e
1737 2346 1929 2404 Gallia
1953 2345 2294 2424 profectus,
2339 2340 2762 2400 Constantino·

555 2424 730 2507 polin
771 2427 969 2504 venit,
1013 2437 1072 2486 et
1123 2429 1354 2487 felicem
1393 2429 1539 2489 belli
1578 2429 1804 2489 exitum
1847 2430 1910 2488 in
1959 2430 2093 2488 aula
2131 2426 2492 2487 vaticinatus
2549 2435 2637 2484 est
2682 2420 2759 2503 ⁸).

558 2512 849 2590 Gregoras
893 2514 966 2571 ab
1014 2514 1281 2590 Augusta
1324 2516 1583 2592 accitus,
1628 2535 1699 2575 ac
1737 2516 1812 2575 de
1856 2515 2031 2573 novis
2078 2512 2200 2571 illis
2248 2510 2760 2592 praedictionibus

557 2597 709 2676 quid
749 2599 996 2657 sentiret
1036 2599 1234 2678 eloqui
1277 2598 1502 2677 iussus,
1547 2620 1731 2660 vanas
1774 2621 1871 2659 eas
1910 2619 2035 2658 esse
2077 2597 2293 2676 arguit.
2380 2596 2471 2655 Ita
2493 2597 2760 2657 refutato

552 2680 790 2743 bariolo
823 2684 1150 2762 Augustam
1182 2705 1216 2742 a
1242 2704 1303 2743 se
1323 2685 1622 2763 alienavit,
1668 2685 1900 2745 homini
1924 2685 2038 2759 illi,
2081 2683 2362 2765 populari
2392 2703 2499 2742 suo
2529 2691 2589 2740 et
2618 2682 2761 2764 pla-

551 2766 748 2826 centia
794 2769 1217 2845 annuncianti,
1270 2771 1640 2832 benevolam.
1728 2771 1951 2831 Tamen
1994 2768 2175 2846 haec,
2231 2767 2600 2828 dissimulata
2647 2769 2757 2844 ira,

548 2850 704 2911 nihil
731 2862 863 2913 tum
897 2853 1109 2914 durius
1139 2854 1320 2927 dixit3
1365 2855 1471 2916 sed
1510 2876 1713 2916 eorum
1744 2857 1850 2936 qui
1897 2855 2146 2916 aderant
2173 2854 2362 2933 gratia
2386 2854 2628 2913 vultum
2663 2850 2756 2910 hi-

549 2937 738 2998 larem
787 2938 1014 3016 induit,
1059 2949 1119 2999 et
1161 2941 1450 3001 ultionem
1487 2941 1554 3001 in
1594 2941 1759 3001 aliud
1798 2953 2034 3022 tempus
2065 2940 2317 3000 distulit.
2403 2941 2488 2997 At
2527 2937 2756 3016 Grego-

548 3043 668 3100 ras,
714 3024 958 3083 domum
983 3045 1282 3102 reversus,
1318 3026 1482 3086 omni
1505 3028 1572 3086 in
1603 3037 1911 3108 posterum
1940 3025 2339 3086 contentionis
2364 3023 2565 3084 studio
2590 3020 2759 3081 abdi-

551 3117 707 3186 cato,
737 3131 981 3171 rursmn
1012 3131 1073 3171 se
1099 3132 1207 3170 suo
1230 3112 1353 3171 otio
1381 3120 1441 3171 et
1471 3113 1834 3192 tranquillae
1862 3112 2204 3172 solitudinis
2231 3109 2442 3170 umbra
2468 3106 2754 3169 involvit.

720 3196 834 3255 Per
872 3196 1029 3255 illud
1068 3207 1336 3277 tempus,
1383 3198 1624 3258 circiter
1667 3219 1888 3258 annum
1914 3217 2233 3274 πραεῖαν,
2277 3195 2523 3254 Ioannes
2554 3189 2755 3272 patri-

556 3278 736 3337 archa
754 3324 771 3356 ‚
834 3292 1162 3340 convocata
1223 3284 1482 3361 synodo,
1541 3283 1839 3344 Palamam
1892 3294 1965 3344 ut
2017 3282 2383 3343 haereticum
2426 3275 2753 3350 damnavit,

556 3383 627 3422 ac
654 3364 861 3444 priora
888 3365 994 3423 illa
1020 3366 1087 3424 in
1111 3367 1483 3427 Barlaamum
1509 3378 1571 3428 et
1601 3369 1986 3449 Acindynum
2017 3368 2252 3428 decreta
2290 3386 2395 3424 sua
2426 3361 2755 3442 abrogavit.

553 3447 909 3528 Acindynus
951 3471 1075 3509 non
1114 3451 1358 3529 longum
1403 3473 1469 3512 ea
1522 3454 1780 3513 victoria
1820 3456 2070 3515 laetatus
2112 3462 2215 3513 est.
2298 3451 2472 3509 Anno
2524 3448 2755 3528 quippe

551 3553 858 3595 ucccxnvx
888 3535 1148 3593 Palamas
1174 3556 1311 3594 cum
1337 3536 1598 3617 Augusta
1626 3539 1692 3598 in
1725 3541 1975 3618 gratiam
1996 3538 2196 3616 rediit,
2226 3554 2408 3613 eaque
2430 3533 2755 3611 instigante

550 3618 955 3699 patriarcham
1000 3630 1059 3679 et
1090 3620 1540 3702 Acindynianos
1565 3625 1854 3685 continuo
1900 3624 2140 3705 scriptis
2171 3621 2405 3680 acribus
2432 3633 2751 3698 oppugna-

548 3704 644 3765 vit
671 3702 753 3789 4).
838 3706 992 3764 Tum
1034 3725 1179 3766 vero
1210 3708 1562 3788 Acindynus
1598 3711 1920 3789 Gregoram
1953 3708 2151 3790 coepit
2180 3725 2386 3781 orare,
2429 3713 2498 3763 ut
2530 3718 2750 3782 exper-

550 3789 909 3869 gisceretur,
955 3799 1016 3852 et
1057 3791 1269 3853 iambis
1299 3793 1361 3874 ⁵)
1405 3794 1568 3855 hisce
1622 3816 1841 3877 parum
1879 3793 2236 3872 modulatis,
2277 3791 2604 3870 figurarum
2648 3801 2750 3843 au-

688 3993 799 4056 ret,
847 3991 1187 4061 wgffltionem
1231 3992 1438 4047 dilatam
1480 3993 1644 4050 fuisse
1692 3996 1989 4052 contendite
2029 3997 2205 4066 itaque
2244 4010 2342 4048 nec
2376 3991 2443 4046 de
2475 3982 2746 4044 Massalia·-

686 4058 879 4124 nismo,
910 4079 1005 4116 nec
1039 4063 1105 4117 de
1139 4064 1255 4116 aliis
1292 4064 1587 4118 criminibus
1620 4064 1863 4120 Palamae
1895 4067 2146 4131 obiectis,
2180 4069 2351 4118 actum
2383 4060 2560 4115 fuisse.

622 4162 683 4232 1)
716 4162 857 4216 inde
879 4165 1020 4217 nist.
1052 4165 1097 4219 B
1136 4184 1183 4218 z.
1219 4166 1307 4219 nb.
1346 4183 1458 4220 m.
1495 4185 1539 4220 c„
1569 4170 1622 4224 s.
1756 4170 1820 4238 2)
1854 4166 2098 4226 συνόδου
2135 4166 2597 4236 συμιρπηθείσης
2625 4158 2745 4212 δεν·

685 4228 865 4300 τέρας,
900 4234 1050 4287 Tom.
1134 4233 1323 4288 alamit.
1427 4235 1491 4305 3)
1530 4236 1663 4291 Vide
1685 4237 1823 4291 Hist.
1849 4240 1979 4308 Byz.
2015 4239 2105 4292 lib.
2131 4254 2314 4291 xivec.
2341 4238 2394 4290 8.
2499 4236 2562 4302 4)
2597 4229 2745 4303 Quffe

686 4307 868 4355 extant
904 4301 958 4355 in
992 4301 1172 4357 codice
1223 4304 1372 4374 regio
1414 4307 1571 4360 2411.
1734 4309 1798 4374 5)
1849 4310 1958 4362 Eos
2006 4325 2074 4361 ex
2113 4307 2230 4360 cod.
2257 4305 2507 4359 Vaticano
2543 4301 2743 4354 desen-

684 4378 804 4442 ptos
839 4372 1230 4429 communicavit
1251 4391 1444 4429 mecum
1466 4375 1532 4431 R.
1557 4377 1620 4431 P.
1648 4377 1714 4431 D.
1748 4377 2046 4431 Bernardus
2074 4377 2144 4432 de
2161 4376 2506 4433 Montfauouu.
