3094 4876
535 334 637 383 ΧΠ
1393 323 1511 395 10.
1549 323 1883 399 BOIVINI

533 493 615 554 ts,
662 502 815 565 quse
839 482 1114 545 Petavius
1142 504 1176 544 a
1206 482 1511 546 Frontone
1538 484 1772 545 Ducaeo
1797 492 2043 567 accepts
2068 485 2301 568 primus
2327 490 2629 570 vulgavit,
2673 500 2734 552 et

531 585 856 666 Nicephori
898 585 1277 667 patriarchae
1304 586 1611 648 Breviario
1633 586 1925 648 historico
1955 588 2284 650 subiunxit.
2371 592 2627 652 Deerant
2671 602 2732 654 et

533 688 652 749 alia
679 707 804 747 non
831 689 1095 749 minora·
1080 732 1101 765 ,
1144 687 1316 768 quale
1340 700 1433 750 est
1453 690 1685 770 insigne
1718 689 1878 750 illud
1903 690 1979 752 de
2008 691 2318 753 Athanasii
2354 693 2730 782 patriarchae

531 789 871 868 severitate,
903 801 963 851 et
988 791 1064 851 de
1087 791 1517 853 monachorum
1540 790 1810 853 moribus
1836 794 2191 854 emendatis·
2173 838 2193 873 ,
2225 794 2375 856 item
2406 816 2562 879 quae
2583 817 2729 879 per·

529 891 725 952 tinent
752 891 832 952 ad
864 892 1124 955 eiusdem
1152 894 1295 956 libri
1332 904 1512 976 caput
1544 895 1902 977 septimum,
1944 895 2024 959 ad
2063 895 2204 956 libri
2232 898 2381 959 noni
2411 908 2597 981 caput
2619 920 2731 960 se-

531 994 831 1068 cundum,
875 1003 937 1056 et
963 996 1041 1058 ad
1067 995 1214 1056 libri
1240 996 1541 1058 undecimi
1566 1007 1748 1081 caput
1772 998 1917 1059 item
1946 998 2294 1061 secundum.
2376 1001 2641 1081 Denique
2663 1001 2731 1060 in

531 1096 784 1176 singulis
808 1098 932 1160 fere
958 1097 1189 1179 paginis
1221 1098 1405 1160 dictio
1432 1101 1628 1181 aliqua
1654 1109 1759 1161 aut
1783 1101 1961 1160 etiam
1984 1101 2191 1181 plures
2221 1101 2726 1174 desiderabantur,

528 1200 649 1261 Eos
676 1220 880 1281 omnes
909 1200 1178 1263 defectus
1205 1222 1284 1264 ex
1323 1202 1534 1265 codice
1554 1202 1665 1263 illo
1693 1202 1879 1281 Regio
1906 1201 2320 1281 supplevimus
2349 1206 2419 1267 in
2455 1205 2570 1267 hac
2598 1206 2728 1266 edi-

527 1301 714 1363 tione.
795 1302 1021 1365 Maiora
1047 1304 1464 1386 supplementa
1487 1304 1553 1364 in
1587 1303 1949 1381 marginibus
1975 1301 2269 1389 indicata=
2311 1307 2549 1369 minora
2587 1328 2727 1368 can-
2789 1368 2798 1375 ,

529 1404 701 1465 cellis
721 1401 777 1486 *)
822 1406 1049 1467 inclusa
1061 1428 1082 1485 3
1124 1406 1374 1466 mendae
1407 1413 1739 1489 praeterea,
1783 1424 1939 1490 quae
1965 1403 2311 1466 innumerae
2357 1419 2564 1485 erant,
2603 1430 2723 1492 ope

528 1506 795 1569 eiusdem
820 1508 1042 1570 codicis
1069 1508 1349 1571 sublatae.

698 1611 927 1673 Rursus
951 1612 1022 1673 in
1046 1633 1117 1672 eo
1140 1613 1274 1692 ipso
1318 1610 1527 1672 codice
1555 1605 1677 1673 hoc
1702 1617 1920 1673 notatu
1951 1607 2367 1690 dignissimum
2395 1621 2519 1691 est,
2558 1612 2729 1694 quod

529 1731 682 1791 quae
721 1713 1011 1791 Gregoras
1054 1714 1223 1774 libris
1260 1722 1519 1794 quatuor
1557 1713 1878 1795 postremis
1917 1712 2177 1795 plurima
2212 1712 2504 1792 inseruit,
2541 1713 2726 1774 variis

527 1815 894 1895 temporibus
919 1837 953 1875 a
979 1835 1042 1875 se
1067 1815 1443 1894 elucubrata,
1480 1836 1552 1876 ea
1580 1817 1704 1880 fere
1739 1815 1944 1878 omnia
1975 1814 2198 1877 ibidem
2224 1813 2451 1892 desint3
2494 1815 2586 1874 sic
2621 1835 2728 1876 au.

525 1925 648 1978 tem
685 1918 805 1979 suis
837 1938 1104 2000 quaeque
1145 1918 1297 1979 locis
1338 1919 1529 1980 recisa
1581 1918 1814 1981 fuerint
1832 1965 1854 1997 ,
1894 1928 1965 1981 ιιι
1996 1917 2358 1981 narrationis
2403 1927 2724 1978 contextus

523 2020 697 2081 nullo
726 2018 899 2081 hiatu
924 2022 1217 2103 abruptus
1244 2023 1345 2101 sit,
1374 2021 1483 2082 sed
1507 2021 1787 2082 omnibus
1811 2021 2084 2103 partibus
2110 2030 2250 2102 apte
2278 2018 2722 2083 cohaerentibus

523 2123 752 2203 integer
778 2132 839 2184 et
867 2125 1189 2186 continuus
1218 2126 1525 2207 procedat.
1608 2124 1681 2185 ld
1714 2126 2010 2204 Gregorae
2036 2122 2225 2205 ipsius
2254 2121 2478 2182 iudicio
2502 2123 2725 2182 sactum

528 2227 745 2288 velim:
787 2246 980 2307 neque
1012 2248 1047 2287 a
1072 2248 1218 2287 vero
1266 2226 1584 2303 abhorret,
1621 2245 1761 2287 eum
1800 2228 2032 2308 primae
2070 2224 2349 2285 editionis
2391 2244 2590 2284 amore
2620 2243 2724 2285 re-

526 2328 811 2408 frigerato
841 2347 1018 2388 suum
1045 2349 1196 2409 opus
1229 2327 1679 2406 recognovisse,
1720 2348 1794 2388 ac
1827 2349 1894 2387 ea
1927 2347 2080 2406 quae
2123 2325 2465 2386 ostentandi
2497 2324 2726 2402 ingenii

527 2449 708 2490 causa
734 2440 1031 2509 assuerat,
1070 2430 1403 2508 monodias,
1445 2428 1763 2509 orationes,
1804 2429 2039 2509 aliaque
2071 2427 2133 2489 id
2165 2447 2350 2508 genus
2381 2426 2723 2513 resecuisse.

525 2532 752 2595 Vereor
777 2541 1005 2612 tamen,
1041 2555 1119 2596 ne
1144 2544 1207 2594 et
1231 2534 1453 2614 gloriae
1480 2532 1665 2615 paulo
1695 2531 1926 2593 avidior
1969 2552 2070 2592 eos
2107 2551 2375 2612 pannos,
2426 2531 2493 2590 in
2527 2531 2723 2613 prima

526 2635 857 2717 scriptione
901 2637 1184 2715 omissos,
1250 2635 1506 2716 repetito
1554 2635 1770 2696 deinde
1822 2635 1993 2716 operi
2041 2632 2478 2694 inter-texuerit.
2559 2634 2724 2692 Haec

524 2737 657 2819 ipsa
685 2747 878 2812 certe,
926 2756 1080 2817 quae
1107 2758 1144 2797 a
1189 2737 1397 2798 codice
1424 2738 1608 2818 Regio
1649 2738 1848 2798 abesse
1884 2737 2168 2813 dicimus,
2210 2733 2368 2795 nihil
2412 2735 2490 2795 ad
2528 2735 2721 2795 histo-

522 2841 678 2903 riam
703 2841 1034 2920 pertinent.
1075 2838 1260 2900 immo
1289 2837 1639 2906 historicam
1666 2860 1871 2901 rerum
1902 2838 2112 2900 seriem
2140 2840 2615 2918 interrumpunt,
2660 2846 2724 2898 et

520 2942 738 3006 lectori
765 2942 844 3002 ad
862 2942 1089 3004 maiora
1131 2942 1439 3004 festinanti
1464 2963 1696 3004 moram
1721 2942 2031 3004 obiiciunt.
2094 2943 2319 3002 Tamen
2340 2939 2478 3020 quia
2503 2939 2566 2997 in
2589 2939 2720 3015 illo,

521 3069 644 3128 quo
687 3067 833 3108 usus
872 3056 965 3107 est
993 3046 1287 3125 Wolfius,
1334 3046 1541 3107 codice
1580 3045 1988 3127 manuscripto
2039 3064 2177 3104 eum
2226 3043 2428 3103 locum
2479 3017 2720 3101 obtine-

518 3149 666 3210 bant
713 3170 894 3231 quem
929 3148 1001 3209 in
1030 3148 1202 3210 libris
1239 3148 1413 3211 editis
1447 3147 1702 3228 habent,
1745 3168 1872 3210 non
1903 3146 2033 3208 susi
2057 3165 2262 3207 sumus
2295 3164 2363 3204 ea
2401 3143 2541 3203 loco
2580 3163 2751 3201 mo·-

516 3271 659 3313 vere
682 3261 744 3312 et
767 3251 890 3312 alio
916 3252 1219 3331 relegare:
1261 3251 1371 3312 sed
1402 3251 1643 3329 eadem,
1685 3258 1746 3311 et
1772 3251 1888 3310 alia
1919 3248 2212 3331 quaedam
2250 3246 2423 3307 uncis
2464 3244 2717 3311 inclusa,

521 3375 650 3416 non
679 3371 1024 3437 comparere
1046 3353 1118 3418 in
1160 3354 1373 3417 codice
1396 3352 1602 3435 Regio,
1639 3353 1924 3416 lectorem
1949 3349 2258 3414 admoneri
2278 3347 2421 3414 satis
2449 3366 2577 3409 esse
2596 3367 2717 3428 pu-

384 3449 389 3464 '
515 3458 796 3521 tavimus.

686 3559 897 3623 Varias
942 3558 1233 3620 lectiones
1277 3558 1597 3640 plerasque
1651 3556 2067 3641 suppeditavit
2115 3555 2272 3616 idem
2308 3546 2713 3612 Bibliothecae

513 3663 731 3744 Regiae
756 3661 953 3724 codex
959 3682 988 3738 ,·
1027 3682 1252 3744 paucas
1275 3682 1422 3723 vero
1451 3660 1506 3720 is
1533 3660 1707 3721 cuius
1736 3681 2020 3722 numerus
2044 3668 2133 3719 est
2158 3659 2324 3724 2078
2340 3698 2357 3729 ‚
2395 3670 2606 3733 parum
2636 3650 2712 3710 ab

515 3766 692 3829 editis
720 3766 1035 3842 diversus3
1076 3763 1197 3825 nisi
1223 3762 1391 3845 quod
1420 3762 1488 3822 in
1520 3763 1818 3825 librorum
1848 3770 1911 3822 et
1956 3759 2218 3842 capitum
2250 3754 2543 3816 divisione
2581 3752 2711 3812 dis-

514 3878 755 3951 crepat:
794 3869 986 3931 libros
1031 3875 1233 3927 autem
1280 3885 1405 3925 non
1432 3864 1639 3947 plures
1667 3865 1937 3926 continet
1961 3882 2139 3943 quam
2169 3868 2446 3941 quatuor,
2474 3855 2715 3917 tametsi

511 3967 815 4051 praefixus
834 3978 928 4029 est
948 3968 1139 4030 index
1164 3967 1463 4030 librorum
1479 3988 1607 4029 sex.
1658 3967 1975 4029 Monodiae
1990 3965 2160 4040 duae,
2187 3982 2289 4022 eae
2304 3959 2537 4022 scilicet
2559 3977 2714 4038 quae

510 4070 752 4132 initium
776 4070 916 4131 libri
942 4070 1158 4132 decimi
1187 4069 1596 4146 constituunt,
1645 4067 1962 4147 castigatae
1992 4077 2055 4129 et
2097 4066 2328 4147 aliquot
2354 4060 2710 4122 lectionibus

579 4221 640 4294 ⁴)
666 4222 899 4292 [Minora
930 4237 1136 4294 quoque
1161 4220 1311 4276 huius
1339 4219 1638 4274 codicis
1525 4233 1712 4347 mun
1676 4218 1966 4290 flumenta,
2002 4217 2247 4276 cancellis
2288 4211 2541 4280 sublatis,
2572 4209 2709 4268 indi-

647 4301 830 4348 cantur
855 4296 913 4349 iu
937 4294 1045 4351 bac
1059 4309 1196 4349 nova
1220 4291 1448 4348 editione
1471 4292 1524 4347 l'o
1704 4308 1721 4344 z
1759 4291 1884 4347 add.
1915 4257 2005 4361 A’]
