3094 4876
331 1012 1385 1106 NICEPHORI
1536 1017 2535 1113 GREGORAE

710 1217 1027 1295 vrrA.
1155 1220 1567 1300 OPERA„
1690 1223 2158 1306 ELOGIA.

418 1541 495 1595 sd
534 1541 615 1598 m.
647 1543 902 1600 abbatem
937 1545 1317 1603 mmmmm
1360 1548 1823 1616 Tmnmum,
1869 1549 2226 1607 eunocum
2267 1549 2469 1623 Regi-e

863 1631 1192 1688 Praefectum
1205 1672 1224 1701 ,
1257 1634 1471 1707 scripsit
1501 1637 1600 1692 10.
1636 1636 2004 1693 BorleUs.

1180 1959 1676 2031 VITA.

361 2078 694 2205 Gregorae
718 2131 894 2191 vitam
913 2175 934 2209 ,
977 2141 1255 2194 accurate
1290 2141 1623 2197 enarratam
1641 2176 1662 2210 ,
1705 2152 1830 2192 non
1873 2131 1958 2192 ita
1993 2131 2229 2213 pridem
2270 2131 2541 2210 vulgavit

368 2211 647 2273 martinus
673 2214 968 2294 Hankius,
1012 2219 1111 2280 vir
1150 2220 1368 2280 doctus
1412 2227 1469 2277 et
1503 2218 1571 2277 in
1609 2216 1881 2278 historiis
1922 2217 2168 2278 Graecis
2193 2216 2540 2315 Latinisque

372 2295 527 2358 haud
551 2300 918 2363 mediocriter
948 2312 1238 2366 versatus.
1324 2304 1442 2364 Sed
1474 2303 1526 2364 is
1559 2303 1749 2364 libros
1780 2304 2079 2382 Gregorae
2103 2301 2252 2362 alios
2283 2322 2408 2362 non
2439 2322 2539 2362 vi-
2593 2330 2598 2337 ·

367 2382 551 2461 dei-at,
583 2386 701 2446 m'si
726 2388 1010 2449 undecim
1040 2389 1303 2472 priores,
1345 2391 1419 2450 ab
1453 2390 1825 2472 Hieronymo
1853 2389 2072 2450 Wolfio
2100 2388 2309 2452 editos.
2393 2388 2541 2467 Ego,

356 2477 425 2526 ut
456 2470 598 2531 Tute
630 2474 749 2534 scis
774 2476 977 2535 Annas
1002 2477 1400 2538 Nommssmss
1413 2521 1433 2553 ,
1473 2477 1738 2555 integros
1780 2474 2375 2556 duodequadraginta
2421 2473 2540 2534 ha-

351 2552 484 2629 bai3
523 2556 663 2617 item
697 2560 816 2619 alia
847 2562 1138 2641 quaedam
1166 2563 1429 2624 eiusdem
1453 2562 1712 2624 auctoris
1738 2562 2048 2640 anecdota,
2093 2580 2164 2619 ac
2195 2560 2263 2620 in
2290 2558 2365 2618 iis
2402 2558 2539 2618 dia-

347 2638 542 2719 logum
570 2640 646 2700 de
671 2647 1016 2725 Sapientia,
1060 2649 1167 2728 qui
1190 2660 1251 2709 et
1265 2650 1623 2710 morentiae
1645 2648 2015 2708 inscribitur.
2100 2645 2210 2705 His
2241 2644 2535 2721 omnibus,

345 2735 405 2787 et
431 2727 562 2788 aliis
589 2740 901 2812 praeterea
940 2734 1273 2814 aequalium
1303 2735 1599 2813 Gregorae
1633 2733 1995 2814 scriptorum
2024 2730 2195 2792 libris
2235 2729 2540 2811 perlectis,

335 2812 596 2894 plurima
632 2816 712 2876 ad
746 2814 915 2878 hunc
953 2818 1112 2880 diem
1152 2821 1363 2903 paucis
1388 2819 1742 2900 investigata
1780 2818 2003 2895 didici3
2040 2835 2284 2895 remque
2317 2815 2390 2873 ab
2420 2812 2542 2874 ho·

332 2898 490 2959 mine
524 2901 801 2980 erudito,
846 2903 949 2963 sed
981 2904 1104 2966 illis
1141 2906 1291 2988 ipsis
1330 2906 1687 2966 adiumentis
1718 2904 2033 2979 destituto,
2072 2901 2194 2960 iam
2237 2899 2345 2997 (ut
2374 2898 2541 2997 din:

327 3003 461 3045 mus
473 2989 501 3061 )
531 2997 888 3067 mctataeun,
927 2990 1001 3050 de
1028 3010 1191 3051 novo
1218 2991 1523 3072 explicare
1543 2989 1800 3052 institui.
1888 2990 2198 3048 Caeterum
2236 3004 2286 3044 si
2313 2982 2542 3043 Hanku

328 3073 642 3153 exemplo,
685 3075 1022 3136 alienorum
1063 3080 1315 3158 operum
1348 3074 1569 3159 pannis
1609 3075 1880 3155 undique
1923 3071 2158 3131 collatis
2181 3113 2199 3145 ,
2242 3068 2539 3147 quendam

328 3157 524 3218 veluti
555 3168 875 3220 centonem
902 3164 1247 3241 texuissem,
1290 3162 1518 3224 veritus
1550 3182 1704 3238 sum,
1735 3180 1812 3222 ne
1834 3176 2093 3239 parvum
2122 3173 2234 3234 per
2258 3171 2538 3253 sear-gu-

324 3250 607 3303 mentum
640 3245 711 3305 in
754 3267 1030 3326 magnum
1070 3250 1289 3310 sensim
1320 3249 1603 3309 volumen
1637 3251 2028 3308 excresceret.
2110 3240 2299 3301 Malui
2331 3246 2538 3318 itaque

322 3325 489 3386 meis
520 3330 751 3409 verbis,
793 3341 854 3392 et
881 3333 1213 3395 continenti
1250 3337 1374 3396 fere
1405 3332 1752 3396 narratione
1768 3376 1786 3408 ,
1829 3327 2132 3408 sigillatim
2175 3343 2446 3406 quaeque
2476 3331 2538 3383 et

322 3410 604 3472 breviter
647 3431 1138 3481 commemoraret
1195 3420 1483 3480 nimirum
1530 3429 1603 3480 ut
1644 3416 1812 3477 cuius
1848 3411 2121 3475 historici
2156 3412 2345 3471 libros
2364 3454 2383 3488 ,
2426 3427 2539 3489 per

322 3498 534 3557 varias
565 3496 964 3559 Bibliothecae
999 3514 1173 3566 antea
1199 3505 1518 3586 dispersos,
1560 3504 1683 3565 tuis
1710 3500 2045 3583 sumptibus
2069 3508 2312 3577 tuaque,
2342 3497 2536 3554 Azan

322 3581 834 3663 humaz-msam,
886 3587 1237 3648 auctoritate
1276 3590 1718 3668 collegissemua
1736 3634 1755 3667 ,
1798 3590 1923 3648 eius
1963 3594 2035 3644 tu
2075 3583 2239 3643 dicta
2288 3589 2348 3639 et
2379 3581 2539 3637 facta

324 3667 511 3730 brevi
538 3689 648 3750 per
673 3690 784 3729 nos
815 3670 1023 3730 libello
1064 3672 1490 3754 comprehensa
1518 3674 1804 3749 haberes3
1849 3681 1909 3732 et
1931 3669 2080 3729 hinc
2121 3674 2346 3763 quanta
2377 3662 2539 3744 apud

328 3773 481 3814 suos
525 3756 866 3816 celebritate
910 3758 1201 3838 Gregoras
1239 3768 1449 3819 noster
1489 3759 1794 3819 floruisset
1811 3800 1829 3833 ‚
1873 3754 2108 3815 facilius
2143 3750 2535 3827 intelligerem

326 3859 447 3899 nec
472 3849 537 3900 te
566 3851 816 3901 navatae
844 3841 993 3902 huic
1023 3844 1308 3925 scriptori
1343 3864 1557 3927 operae
1581 3853 1824 3904 nostrae
1846 3838 2207 3935 poenitet-et..
2240 3835 2374 3933 Non
2402 3852 2539 3931 sum

331 3934 540 3986 autem
570 3926 719 3987 adeo
748 3926 1028 4007 iniquus,
1070 3940 1143 3990 ut
1169 3928 1288 3990 hac
1328 3931 1730 4011 qualicunque
1756 3926 1914 4007 grati
1945 3923 2130 3984 animi
2158 3918 2539 3999 s1gmficat10-

328 4030 413 4070 ne
464 4012 612 4072 satis
654 4032 751 4071 me
789 4013 900 4073 tibi
932 4035 1046 4095 pro
1079 4015 1284 4076 officio
1328 4036 1462 4076 meo
1504 4016 1716 4078 fecisse
1746 4011 2112 4074 existimem:
2155 4026 2268 4066 nec
2294 4015 2538 4065 tuorum

328 4115 475 4174 erga
515 4117 613 4157 me
647 4099 1000 4159 meritorum
1038 4101 1510 4182 magnitudinem
1552 4103 1639 4162 sic
1680 4101 1921 4178 ignoro,
1964 4104 2035 4156 ut
2063 4112 2238 4176 pares
2277 4109 2541 4172 unquam

328 4180 640 4243 beneficiis
665 4185 884 4263 gratias
913 4186 1246 4250 relaturum
1273 4207 1369 4249 me
1398 4207 1522 4248 esse
1547 4184 1865 4248 confidam.
2304 4263 2319 4277 ο

510 4269 764 4332 circiter
807 4292 1030 4332 annum
1091 4272 1316 4334 Christi
1351 4293 1601 4334 mccxcv
1616 4318 1635 4352 ,
1673 4272 2005 4353 imperante
2047 4265 2397 4328 Andronico
2438 4279 2539 4321 se—

330 4352 508 4416 niore
522 4399 543 4432 ‚
585 4354 962 4437 Nicephorus
1008 4359 1301 4439 Gregoras
1352 4368 1532 4420 natus
1584 4366 1678 4418 est
1728 4355 1799 4416 in
1858 4354 2016 4415 Asia.
2098 4347 2539 4431 Paphlagonem

2843 4777 3061 4837 b
3057 4443 3061 4616 ψ,
