3094 4876
506 335 772 385 nxxnu
901 320 1378 400 NICEPHORI
1421 315 1903 391 GREGORAE
1945 320 2298 394 ELOGIA.

510 484 685 544 etiam
722 483 932 543 Calaea
979 481 1161 541 simul
1206 499 1346 540 cum
1379 479 1506 540 illia
1553 479 1857 541 refutato?
1914 480 2040 540 Iam
2081 501 2228 541 vero
2283 500 2398 540 nec
2442 478 2712 561 philoso—

503 569 695 650 phum
741 570 1060 646 Gregoram
1078 611 1095 642 ,
1139 585 1249 624 nec
1292 564 1514 645 Ephesi
1552 566 2024 646 metropolitam,
2066 587 2180 626 nec
2211 567 2397 637 Gani,
2439 588 2547 625 nec
2593 568 2715 625 De-

505 656 718 731 xium,
763 674 876 714 nec
902 651 1292 712 Athanasium
1318 651 1496 732 plane
1524 650 1795 729 ignoraa;
1839 671 1950 710 nec
1986 662 2049 710 te
2088 652 2276 729 sugit,
2319 654 2549 710 tertiam
2596 673 2715 710 eo·-

504 761 643 800 rum
682 760 859 799 causa
896 747 1162 798 coactam
1192 757 1321 796 esse
1351 737 1648 816 aynodum
1684 757 1813 796 mea
1838 747 1897 796 et
1938 738 2094 795 beati
2132 738 2296 797 illius
2340 737 2717 817 patriarchae

506 825 736 884 Callisti
760 823 957 883 adhuc
989 823 1324 903 superstitis
1354 822 1703 881 auctoritate
1724 866 1742 898 ,
1787 831 1966 902 atque
1993 820 2136 900 hoa,
2182 823 2258 882 iia
2302 824 2405 902 qui
2437 841 2719 904 praecea-

509 919 712 970 aerant
742 913 1120 988 exaequatos,
1162 928 1366 987 parem
1396 907 1836 968 damnationem
1860 907 2127 969 subiisse.
2209 908 2382 967 Unde
2410 920 2468 967 et
2504 908 2716 967 tertius

508 996 733 1054 Tomua
761 995 1176 1075 promulgatus
1209 1002 1329 1069 eat,
1374 992 1473 1052 cui
1506 1012 1613 1070 ego
1644 1002 1703 1051 et
1730 991 1892 1052 filiun
1926 1013 2103 1052 meur
2124 991 2375 1052 Ioannes
2400 992 2719 1053 Palaeolo—

506 1100 618 1158 gne
648 1081 977 1160 Imperator
1013 1077 1489 1157 subscripsimus.
1574 1078 1699 1137 Hoa
1741 1087 1813 1136 tu
1839 1079 1885 1136 ai
1913 1098 2037 1137 non
2067 1078 2209 1138 satia
2236 1078 2481 1137 idoneos
2499 1127 2515 1155 ‚
2559 1079 2610 1136 ai
2639 1078 2718 1136 ad

505 1185 573 1224 ea
603 1186 754 1245 quae
779 1185 944 1224 nunc
972 1162 1180 1223 obiicia
1218 1164 1320 1222 vel
1347 1163 1737 1242 excogitanda
1765 1164 2080 1240 tardiores,
2122 1163 2223 1223 vel
2254 1163 2507 1223 dicenda
2535 1163 2717 1223 infir-

505 1251 726 1310 miores
759 1251 944 1310 suinae
971 1248 1310 1325 existimas,
1352 1269 1468 1308 nec
1507 1249 1600 1307 aic
1633 1246 1876 1328 quidem
1905 1258 1967 1307 te
2010 1258 2173 1308 recte
2225 1253 2585 1309 contendere
2624 1251 2717 1308 di·

508 1337 730 1396 xerim:
773 1334 1012 1396 veniam
1042 1343 1242 1393 tamen
1268 1344 1582 1412 utcunque
1607 1333 1961 1393 dederimus.
2047 1333 2224 1406 Quod
2250 1336 2301 1393 ai
2333 1335 2595 1415 quiaquia
2618 1357 2715 1396 rea

506 1431 737 1481 vestras
765 1421 971 1495 novit,
1016 1420 1066 1478 ia
1106 1419 1249 1478 illoa
1287 1420 1476 1477 multo
1505 1418 1759 1478 maiores
1798 1439 1923 1478 ease
1957 1419 2275 1496 fatebitur,
2318 1440 2388 1479 eo
2429 1442 2719 1500 praeser-

506 1506 616 1565 tim
648 1506 807 1587 quod
844 1507 919 1565 de
947 1504 1043 1563 hia
1079 1504 1385 1564 contentio
1420 1503 1541 1579 eit3
1583 1504 1784 1584 palam
1816 1512 1938 1579 eat,
1979 1514 2301 1584 postquam
2335 1525 2538 1565 eversa
2572 1518 2717 1565 aunt

508 1611 579 1650 ea
605 1612 759 1670 quae
802 1589 1070 1650 firmiora
1109 1599 1311 1663 erant,
1355 1609 1607 1668 prorsus
1648 1588 1941 1649 ridiculos
1977 1609 2101 1650 ena
2152 1611 2287 1665 eoa,
2331 1591 2436 1668 qui
2478 1592 2716 1652 viribus

511 1675 726 1735 defecti
755 1675 1124 1735 adversarios
1158 1685 1487 1753 provocent
1504 1717 1525 1746 ,
1570 1684 1630 1733 et
1653 1675 1729 1734 de
1752 1674 1962 1733 iisdem
1987 1675 2166 1735 rebua
2192 1695 2456 1756 pugnam
2485 1679 2716 1737 instau-

449 1759 456 1769 '
506 1771 709 1821 iatum
740 1770 894 1822 eant.
977 1759 1217 1839 Ecquid
1245 1779 1385 1839 ergo
1419 1759 1532 1818 tibi
1561 1758 1834 1820 videtur?
1878 1771 1991 1820 etc.

509 1891 627 1957 XI-
686 1892 984 1959 Ioannes
1046 1890 1551 1980 Cyparissiam,
1608 1891 2123 1957 Palamicarum
2191 1893 2714 1982 Transgreaaio-

1005 2001 1171 2043 num
1193 1976 1391 2043 Part
1429 1977 1489 2043 Ι.
1531 1978 1688 2045 Lib.
1728 1997 1837 2042 ιν.
1882 2001 2026 2066 cap.
2064 1997 2202 2041 111.

633 2096 716 2162 Εί
749 2095 815 2162 δὲ
841 2095 944 2161 καὶ
938 2093 1276 2204 μακροθεν
1304 2097 1766 2164 ἐπισκέπτεσθαι
1789 2103 1975 2162 ταῦτα
2006 2096 2165 2174 δέοι,
2212 2100 2316 2160 καὶ
2340 2096 2715 2162 καθέκαστον

508 2184 838 2289 ἐπιζητεῖν,
879 2207 993 2264 την
1023 2184 1162 2261 περὶ
1190 2188 1380 2246 ταῦτα
1415 2192 1859 2269 συγγραφεῖσαν
1891 2189 1977 2268 τῷ
2009 2147 2243 2291 μεγοέλῳ
2274 2188 2382 2260 τῆς
2423 2179 2718 2262 ἇληθείας

507 2263 811 2374 ἀγωνιστῇ
841 2263 1178 2353 Νικηφόρῳ
1212 2269 1378 2329 διΐτω
1407 2293 1496 2341 τις
1525 2271 1769 2349 βίβλον·
1815 2248 1948 2331 καὶ
1952 2294 2113 2331 παντ
2124 2264 2437 2350 ὀἶκριβως
2460 2271 2716 2378 εἴσεταιζ

507 2349 766 2458 μηδενὸς
794 2352 860 2415 ἐν
895 2333 1153 2426 ἐκείνοις
1185 2346 1517 2416 ἀποδέοντα
1555 2351 1604 2435 ¹)
1641 2358 1765 2417 ταῖν
1808 2354 1893 2428 εἰς
1930 2348 2230 2436 ἀλήθειαν
2262 2355 2366 2417 καὶ
2399 2349 2616 2429 κᾶλλος
2646 2379 2711 2418 εν

503 2432 886 2521 ἠσκημένων.
964 2501 975 2513 ,

676 2523 861 2596 Quod
899 2521 949 2580 ai
999 2521 1112 2582 iata
1148 2522 1387 2599 longius
1430 2522 1685 2604 repetita
1720 2522 2031 2603 explorare
2062 2534 2121 2583 et
2145 2525 2373 2602 ain‘gula
2412 2525 2717 2603 inquirere

505 2617 781 2690 oporteat
800 2652 818 2683 ,
860 2608 1017 2685 legat
1044 2608 1292 2687 quilibet
1319 2608 1537 2668 librum
1571 2609 1643 2667 de
1664 2607 1760 2667 his
1791 2610 1966 2667 rebus
1996 2631 2029 2668 a
2058 2630 2268 2688 magno
2293 2610 2558 2669 veritatis
2576 2633 2716 2691 pro-

502 2703 836 2775 pugnatore
883 2692 1224 2773 Nicephoro
1270 2694 1711 2774 conscriptum:
1771 2714 1946 2773 quem
1986 2695 2092 2775 qui
2132 2695 2372 2772 legerit,
2418 2697 2469 2755 ia
2517 2697 2716 2756 omnia

502 2780 747 2861 penitus
778 2787 1125 2859 pernoscet,
1173 2798 1305 2838 cum
1338 2778 1467 2838 illic
1509 2778 1666 2838 nihil
1702 2779 2070 2841 desideretur
2112 2781 2239 2841 aive
2290 2779 2368 2840 ad
2405 2782 2715 2842 veritatem

505 2864 634 2925 aive
663 2863 739 2923 ad
764 2863 1113 2943 elegantiam
1141 2862 1398 2944 pulchre
1433 2864 1972 2926 accommodatum.

507 2995 659 3063 XII.
693 2993 1108 3083 Ἀνώνυμος,
1147 2996 1296 3082 περὶ
1334 2999 1451 3083 τῆς
1490 3000 1615 3062 τοῦ
1649 3001 1960 3083 Γρηγορᾶ
1998 2998 2496 3085 ψευδογραφίας
2536 2993 2715 3085 ὁμοῦ

1281 3082 1396 3149 καὶ
1437 3083 1819 3168 δυσσεβείας
1859 3084 1945 3165 ²).

693 3198 1004 3283 Τοσαύτην
1035 3200 1103 3266 δὲ
1132 3203 1520 3307 κεκτημένος
1546 3198 1874 3267 ἆσννεσίαν
1916 3203 2055 3288 περὶ
2083 3229 2197 3285 την
2228 3209 2350 3268 τῶν
2386 3199 2713 3311 θεοφὸρων

511 3283 787 3364 πατέρων
827 3288 1249 3364 διδασκαλίαν,
1292 3289 1397 3352 καὶ
1444 3313 1604 3352 ουτω
1644 3293 1999 3371 πλημμελῶς
2030 3286 2409 3371 ἐκδεχόμενος
2453 3316 2602 3354 αντα
2634 3290 2713 3372 ³),

515 3369 598 3445 ὥς
630 3369 733 3432 καὶ
755 3368 931 3475 πρός
955 3377 1081 3434 πᾶν
1119 3369 1479 3437 τούναντίον
1529 3369 2112 3454 αποβουκολεῖσθαι,
2157 3381 2359 3439 πᾶσαν
2408 3377 2638 3479 αιρεσιν
2676 3371 2715 3441 ὅ

512 3450 698 3529 τάλας
732 3476 1103 3536 απεσωρευσε
1127 3456 1185 3538 ⁴)
1227 3462 1305 3543 τῇ
1332 3458 1551 3522 ἑαυτοῦ
1579 3465 1817 3545 κεφαλῇ
1842 3483 1904 3524 τε
1928 3460 2030 3524 καὶ
2065 3466 2253 3543 ψυχῇ.
2298 3457 2395 3543 διο
2420 3461 2523 3543 καὶ
2552 3458 2715 3525 ἅντι-

510 3543 784 3646 κείμενος
812 3541 1056 3643 κατέστη
1088 3546 1197 3623 τῆς
1242 3543 1556 3649 ἐκκλησίας
1594 3550 1707 3609 τοῦ
1746 3549 1911 3653 Χρισι

508 3619 704 3732 αὐτῆς
729 3619 1068 3707 περιβολων
1099 3629 1348 3704 δικαίως
1377 3624 1670 3712 ἇπηλᾶθη
1709 3629 1813 3693 καὶ
1851 3627 1911 3693 du

507 3717 634 3785 τοῖς
663 3705 999 3793 ἄναθέματι
1023 3717 1591 3796 καθυποβληθεῖσιν
1628 3709 1910 3817 ἐγγράφω

509 3800 948 3905 μεταμεληθείη
975 3799 1077 3862 καὶ
1105 3823 1230 3862 των
1266 3824 1555 3907 πονηρων
1587 3795 1911 3906 δογμάτων

505 3879 658 3963 ἡμῖν
685 3907 833 3945 κατα
866 3880 980 3965 τὴν
1008 3890 1116 3963 τῆς
1146 3880 1451 3990 εὐσεβείας
1486 3880 1807 3966 ἀλήθειαν.
1877 3912 1909 3951 o

505 3990 618 4052 γον
644 3966 748 4031 καὶ
780 3967 963 4043 ἐλπίς.
1015 3966 1451 4077 ἀπογινώσκειν
1475 3996 1592 4056 γαρ
1627 3972 1712 4046 εἰς
1739 3971 1906 4046 τέλος

507 4048 694 4133 μένου
711 4051 945 4132 τέλους,
979 4050 1202 4120 ου’δένα
1233 4059 1339 4121 δεῖ.
1382 4056 1731 4143 προστιθεὶς
1764 4051 1830 4121 δ’
1856 4083 2019 4141 ομως
2052 4083 2246 4134 ουτως
2267 4056 2550 4140 ὁσημέραι
2582 4064 2715 4133 ταῖς

578 4184 641 4254 1)
674 4186 756 4239 An
789 4184 1171 4253 ἅποδέοντοςῗ
1271 4191 1339 4261 2)
1365 4192 1448 4245 Ex
1481 4191 1597 4246 cod.
1627 4192 1695 4245 0.
1724 4194 1773 4246 1.
1806 4191 2158 4247 Bibliothecae
2182 4191 2460 4246 Mediolan.
2496 4190 2715 4243 Ambro-

643 4252 849 4323 aianae,
882 4272 1030 4327 quem
1056 4257 1323 4313 Friderico
1344 4261 1458 4316 lton
1662 4278 1693 4313 ο
1720 4261 2113 4326 communicavit
2153 4263 2218 4317 L.
2246 4265 2436 4316 Antan.
2472 4260 2712 4313 Murato-

643 4324 773 4379 rius.
903 4328 970 4398 3)
1010 4329 1098 4383 An
1130 4324 1350 4401 αὖτήνὲ
1520 4332 1553 4403 )
1586 4323 1941 4403 ἐκεσωρενσε.
