3094 4876
469 363 639 415 nan
918 348 1399 423 NICEPHORI
1440 348 1924 420 GREGORAE
1966 349 2274 423 OPERA.

484 514 630 579 dem
657 510 991 594 argumenti
1013 511 1321 573 historicis
1340 511 1790 575 Gsntncuzenus
1817 510 1996 590 longe
2015 520 2306 592 praestat.
2392 510 2466 572 In
2491 509 2690 574 (Ἀπο-

488 600 730 679 nologia
770 608 971 660 tamen
1020 599 1312 677 Gregoras
1357 595 1732 675 diligentior·
1773 596 1958 656 inimo
2000 596 2163 678 apud
2207 598 2690 659 Gantsmzenum

489 687 617 749 fere
671 685 860 747 nulla.
960 684 1407 744 Cantacuzenus
1459 682 1749 762 quaedam
1791 681 2037 742 videtur
2079 683 2357 743 consulto
2402 684 2685 762 omisisse,

493 790 646 853 quae
691 772 980 850 Gregoras
1033 767 1196 830 haud
1240 768 1659 851 praetermisit.
1743 766 2056 851 Eiusmodi
2105 777 2249 828 sunt
2287 787 2355 827 ea
2398 789 2549 849 quae
2586 768 2692 830 hic

491 866 702 917 naz-rat
734 856 809 916 de
834 854 1139 934 Synadeni
1166 874 1302 934 erga
1342 853 1755 914 Andronicum
1784 848 2084 914 seniorem
2103 853 2571 932 inhumanitate,
2615 854 2694 915 de

489 941 732 1002 Ioannis
776 940 1110 1039 Palaeologi
1144 939 1483 1012 natalibus,
1530 938 1836 1017 delegatis
1870 958 1906 998 a
1939 940 2098 1019 Papa
2128 903 2694 1039 Constantinopolin

490 1026 705 1104 missis,
749 1036 808 1086 et
833 1026 992 1084 alia
972 1046 1304 1087 innumera.
1368 1025 1577 1085 Haec
1557 1043 1804 1103 inquam
1833 1024 2034 1085 omnia
2065 1024 2390 1105 Gregoras‚
2442 1025 2546 1106 qui
2576 1044 2693 1085 nec

488 1112 691 1173 illatas
752 1133 788 1171 a
827 1111 1097 1172 barbaris
1144 1110 1341 1172 clades
1380 1109 1738 1171 dissimulat.
1825 1111 2227 1170 Catacuzenus
2264 1130 2410 1171 vero
2460 1130 2577 1171 nec
2615 1111 2693 1170 de

494 1196 843 1258 Nicomedia
885 1196 1126 1276 quidem
1175 1206 1283 1257 aut
1334 1195 1409 1256 de
1446 1195 1665 1257 Nicaea
1699 1195 1838 1275 ipsa
1877 1196 2096 1255 amissa
2149 1197 2512 1256 mentionem
2527 1195 2694 1257 fecit.

492 1281 612 1343 Hic
647 1282 803 1342 solas
844 1282 1284 1362 quodammodo
1329 1301 1428 1342 res
1487 1281 1851 1380 Byzantinus
1866 1326 1884 1359 ‚
1943 1290 2153 1342 noster
2195 1282 2375 1342 etiam
2416 1291 2694 1343 externas

491 1367 761 1431 Historia
798 1387 909 1429 sua
945 1368 1293 1450 complexus
1320 1375 1432 1431 est.
1516 1367 1784 1448 Uterque
1823 1366 2011 1448 igitur
2046 1366 2333 1503 legendus
2355 1377 2419 1430 et
2441 1368 2601 1430 alter
2618 1384 2696 1432 ex

491 1453 681 1515 altero
705 1454 1096 1537 supplendus.

1927 1554 1948 1587 Ι

1263 1804 1903 1876 OPERA.

660 1945 918 2027 Scripsit
930 1944 1221 2026 Gregoras
1247 1947 1546 2027 permulta
1567 1945 1771 2007 variae
1788 1944 2145 2009 eruditionis
2168 1944 2495 2043 opuscula,
2529 1961 2691 2024 quc-

487 2052 625 2096 rum
651 2051 844 2113 pauca
876 2031 1039 2113 typis
1071 2032 1380 2109 mandata3
1410 2032 1701 2114 pleraque
1730 2042 1930 2093 autem
1949 2041 2160 2093 extant
2188 2028 2594 2111 manuscripta
2620 2028 2690 2089 in

490 2116 800 2179 codicibus
817 2118 1142 2193 Vaticanis,
1173 2119 1489 2195 Caesareis,
1517 2119 2015 2197 Scorialensibus,
2052 2116 2452 2193 Baroccianis,
2483 2123 2545 2173 et
2556 2112 2690 2173 aliis

484 2204 728 2281 multis,
769 2214 843 2264 ut
864 2205 1077 2282 Regios
1107 2203 1343 2264 sileam:
1391 2204 1682 2282 quaedam
1715 2205 1861 2263 item
1898 2166 2190 2266 vid'entur
2213 2200 2501 2282 temporis
2528 2197 2695 2278 longi

484 2287 708 2348 iniuria
755 2288 1151 2348 intercidisse.
1234 2290 1464 2348 Eorum
1502 2290 1629 2347 sere
1677 2289 1947 2347 omnium
1984 2288 2264 2349 notitiam
2313 2285 2483 2347 dabit
2509 2284 2699 2345 index

482 2373 852 2450 uberrimus,
895 2392 972 2431 ex
1002 2375 1074 2433 R.
1106 2373 1172 2432 P.
1202 2373 1271 2431 D.
1302 2372 1596 2431 Bernardi
1629 2367 1684 2454 l)
1729 2371 1991 2448 schedis,
2014 2372 2205 2431 Roma
2243 2371 2320 2429 ad
2353 2390 2468 2429 nos
2495 2378 2696 2431 truns-

482 2453 712 2535 missis,
755 2467 817 2517 et
852 2477 930 2516 ex
973 2457 1156 2518 variis
1198 2457 1477 2518 codicum
1519 2457 2071 2538 manuscriptorum
2117 2456 2402 2535 catalogis
2436 2456 2696 2528 concin-

480 2551 681 2603 natus.
765 2542 944 2602 Hunc
970 2552 1046 2602 tu
1072 2562 1293 2622 quaeso
1322 2541 1607 2620 indicem,
1650 2541 1848 2603 Annas
1878 2541 2267 2620 nobilissime,
2308 2542 2694 2622 quantumvis

480 2628 731 2706 longum
749 2672 767 2703 ,
811 2636 1010 2688 totum
1055 2627 1249 2688 oculis
1277 2647 1581 2710 percurre.
1666 2627 1740 2687 In
1766 2637 1939 2688 tanta
1966 2626 2259 2688 librorum
2289 2628 2460 2708 copis
2475 2672 2493 2705 ‚
2537 2635 2695 2706 quot

479 2710 585 2772 hic
622 2711 851 2774 videbis
895 2721 1271 2774 enumeratos
1287 2759 1306 2791 ,
1350 2714 1466 2773 erit
1496 2711 1680 2774 credo
1710 2712 1942 2793 aliquid
1978 2713 2141 2792 quod
2170 2713 2306 2794 ipso
2340 2720 2692 2792 argumento

479 2798 749 2879 placeat3
795 2798 960 2878 quod
990 2799 1274 2859 amissum
1308 2798 1508 2859 doleas
1525 2821 1544 2875 ;
1589 2798 1756 2878 quod
1790 2818 1870 2859 ex
1899 2797 2406 2860 Bibliothecarum
2437 2798 2692 2880 pulvere

482 2883 614 2943 erui
665 2884 889 2964 cupias.
974 2883 1173 2945 Erunt
1216 2883 1395 2944 etiam
1438 2885 1640 2964 aliqua
1661 2886 1942 2962 fortasse,
1986 2905 2246 2966 quorum
2268 2885 2561 2946 iacturam
2591 2885 2692 2944 fa-

482 2968 601 3028 cile
627 2967 802 3031 feras.
882 2968 1035 3030 Mihi
1078 2968 1323 3050 quidem
1345 2968 1644 3030 librorum
1683 2971 1984 3051 catalogos
2015 2971 2336 3052 perlegisse
2366 2969 2488 3031 hoc
2512 2987 2691 3050 saepe

476 3053 815 3114 iucundum
857 3054 1009 3132 fuit,
1056 3054 1219 3135 quod
1263 3075 1341 3115 ex
1383 3055 1460 3115 iis
1485 3055 1891 3120 intellexerim
1919 3057 2124 3118 deesse
2143 3055 2294 3118 mihi
2321 3056 2545 3134 multa,
2589 3053 2693 3119 vel

481 3137 753 3217 inutilia,
799 3140 899 3200 vel
932 3140 1109 3200 etiam
1154 3141 1330 3201 mala.

604 3227 708 3284 De
727 3245 1015 3284 numum
1037 3224 1244 3285 Areae
1274 3227 1423 3303 Nv'e',
1465 3246 1538 3286 ex
1571 3226 1845 3307 Origene.
1875 3226 2023 3288 eod.
2057 3226 2305 3288 Barocc.
2333 3225 2436 3292 48.
2454 3230 2554 3292 19.

605 3311 706 3367 Ex
752 3309 1070 3389 Prophetis
1102 3312 1447 3371 maioribus
1488 3322 1546 3369 et
1591 3311 1933 3371 minoribus
1977 3310 2150 3371 dicta
2194 3323 2465 3390 excerpta
2484 3355 2502 3386 ,
2548 3331 2692 3370 cum

467 3393 733 3475 prologo
776 3405 831 3452 et
869 3398 1335 3459 commentariis.
1423 3395 1572 3457 cod.
1620 3398 1851 3458 Caesar.
1886 3397 2223 3459 vindobon.
2253 3395 2687 3476 theolog-174·

480 3478 634 3540 Vide
666 3488 731 3556 et
751 3478 1010 3539 indicem
1033 3481 1424 3587 prologorum
1453 3481 1618 3542 inter
1659 3483 1951 3562 opuscula
1986 3482 2309 3545 rhetorica.

603 3549 838 3646 Ἀρῖστη
864 3563 963 3626 ἔπι
1067 3589 1109 3646 η
1095 3560 1325 3629 θείων
1339 3569 1523 3628 τινῶν
1556 3559 1792 3647 (isicem
1818 3572 1932 3631 τοῦ
1959 3569 2259 3652 μακαρίου
2286 3561 2389 3630 καὶ
2402 3564 2689 3651 γενναίου

439 3666 443 3669 ’
475 3640 628 3731 Ἰῶβ,
672 3650 974 3729 συμβαλλο
1049 3673 1125 3731 νη
1156 3650 1338 3714 παντὶ
1367 3654 1710 3737 Χριστιανῷ
1747 3653 1835 3726 εἰς
1862 3646 2179 3733 ωφέλειαν.
2268 3654 2550 3732 Optima-5
2576 3649 2689 3710 de-

476 3733 672 3794 lectus
711 3756 1039 3794 sacrarum
1089 3733 1489 3817 quarundam
1528 3741 1968 3797 sententiarum
2015 3740 2184 3799 beati
2207 3750 2265 3797 et
2299 3739 2498 3816 fortis·
2531 3735 2688 3814 lobi,

476 3822 681 3880 cuivis
714 3820 1069 3881 Christiano
1098 3823 1493 3887 utilissimus.
1580 3823 1858 3900 Initium,
1904 3823 2009 3888 καὶ
2041 3823 2291 3927 ἐγένετο*
2318 3820 2400 3897 ὥς
2419 3819 2465 3900 ἦ
2489 3820 2691 3925 ἡμέρα

477 3898 666 3985 αὕτη,
709 3905 814 3969 καὶ
859 3903 997 3970 ἰδου
1042 3898 1245 3988 ἦλθον
1285 3908 1349 3970 οἰ
1388 3904 1628 3990 αγγελοι
1671 3913 1784 3973 τοῦ
1814 3913 1975 3973 θεοῦ
2014 3911 2396 3991 παραστῆναι
2421 3903 2689 3972 ἐνώπιον
2776 3943 2788 3950 -

476 3993 592 4053 τοῦ
635 3992 1708 4070 xvqlov.Cod.Csesa1-.Vindobon.
1750 3993 2013 4074 theolog.
2046 3995 2187 4062 174.

524 4095 537 4112 '
646 4089 1057 4151 Antirrhetici
1091 4105 1148 4151 et
1173 4096 1533 4154 Steliteutici
1561 4099 1823 4177 priores.
1908 4095 2245 4177 scripserat
2284 4098 2576 4175 Gregoras
2602 4097 2690 4157 li-

474 4174 620 4235 'bros
662 4174 732 4235 in
757 4176 1055 4238 Palamam
1095 4179 1575 4261 Antii-rheuma,
1617 4192 1933 4263 antequam
1966 4178 2031 4262 ²)
2077 4182 2526 4244 Cantacuzenus
2565 4182 2684 4244 im·-

557 4357 619 4430 1)
652 4357 735 4417 De
758 4359 1114 4420 montfaucon.
1251 4367 1317 4437 2)
1350 4365 1466 4421 Hoc
1491 4371 1608 4434 est,
1640 4371 1762 4424 ante
1787 4382 1978 4423 annun
1998 4380 2313 4424 ncccxtvn.
