3094 4876
1139 357 1655 428 PRAEFATIO.
2365 375 2510 425 xvu

289 541 432 582 mus
457 528 732 603 repetere
756 517 824 581 in
852 517 1108 600 singulis
1129 520 1360 603 paginis
1388 519 1473 598 id,
1519 518 1685 601 quod
1711 521 1892 583 semel
1918 524 2217 587 monuisse
2240 528 2382 588 satis
2407 530 2504 589 so-

284 634 410 685 ret.
496 624 709 684 Libros
740 624 807 683 in
841 622 1075 705 capita,
1120 623 1310 705 capita
1335 623 1398 683 in
1429 624 1719 685 sectiones
1749 625 1953 686 eadem
1975 628 2255 690 methodo
2294 631 2505 693 divisi-

286 748 450 802 mus,
483 727 692 807 quain
725 727 917 785 Tomo
944 723 1159 805 primo.
1243 725 1315 785 In
1341 724 1654 786 breviariis
1689 745 1923 809 quoque
1968 739 2029 791 et
2057 730 2126 792 in
2151 732 2309 794 notis
2354 754 2504 794 ean·

293 831 436 889 dem
458 850 709 910 prorsus
734 828 1031 889 rationem
1064 826 1303 907 sequuti
1335 847 1562 890 sumus.
2295 896 2300 905 .

466 931 951 1015 Disputationem
989 950 1128 989 cum
1170 929 1469 1004 Cabasila,
1521 930 1695 992 libris
1729 931 1927 994 tribus
1961 955 2088 997 non
2129 935 2275 996 totis
2329 958 2500 998 com·

286 1032 651 1114 prehensam
685 1026 851 1115 (n'am
898 1051 964 1090 ea
987 1052 1022 1090 a
1066 1030 1354 1111 vigesimo
1393 1033 1658 1094 secundo
1699 1034 1980 1098 inchoato
2026 1039 2100 1097 ad
2143 1040 2498 1118 vigesimum

287 1147 579 1215 quartum
606 1138 728 1196 sere
744 1134 1008 1195 medium
1041 1133 1360 1215 excurrit),
1392 1135 1556 1215 quod
1583 1137 1660 1196 ad
1684 1136 1989 1199 historiam
2005 1140 2171 1201 haud
2197 1143 2340 1201 satis
2363 1163 2500 1223 per-

282 1238 490 1298 tinere
534 1240 865 1307 videretur,
924 1238 1004 1297 ad
1049 1237 1301 1297 secundi
1333 1237 1658 1298 voluminis
1714 1241 1936 1300 calcem
1977 1242 2222 1303 reiicere
2267 1245 2497 1303 animus

281 1340 567 1420 primum
597 1342 725 1404 fuit.
786 1342 1054 1419 Demum‚
1078 1359 1154 1398 ne
1179 1340 1462 1401 continua
1497 1340 1788 1400 librorum
1814 1342 1993 1401 series
2020 1347 2500 1426 abrumperetur,

280 1442 517 1501 rectius
542 1444 844 1503 facturum
880 1462 977 1501 me
1015 1439 1387 1518 existimavi,
1429 1440 1483 1500 si
1514 1462 1688 1501 suum
1733 1444 1789 1503 ei
1828 1465 1898 1503 ac
1940 1447 2252 1526 proprium
2293 1448 2500 1506 locum

278 1565 613 1606 servarem.
696 1548 829 1604 Una
854 1566 951 1605 me
977 1565 1073 1605 res
1097 1545 1474 1620 morabatur3
1517 1545 1678 1625 quod
1706 1566 1831 1604 eam
1856 1546 2319 1627 disputationem
2345 1567 2498 1607 non-

278 1645 432 1704 dum
456 1647 675 1707 Latine
713 1649 1038 1726 vertissem,
1079 1668 1191 1708 nec
1215 1645 1364 1705 mihi
1394 1646 1583 1707 otium
1616 1660 1944 1731 superesset
1965 1649 2043 1710 ad
2068 1650 2233 1711 istud
2260 1667 2498 1731 quoque

279 1769 537 1828 pensum
567 1750 1024 1812 absolvendum.
1107 1751 1271 1811 Inter
1295 1749 1443 1809 haec
1473 1752 1849 1813 commodum
1879 1774 2044 1813 suam
2073 1751 2222 1812 mihi
2255 1770 2496 1833 operam

281 1851 513 1911 obtulit
540 1852 627 1914 M.
664 1854 947 1915 Claudius
980 1852 1513 1935 Capperonnerius‚
1554 1854 1923 1916 Licentiatus
1955 1855 2289 1935 Theologus
2321 1853 2497 1914 Pari-

283 1953 518 2020 siensis.
597 1956 767 2018 Huic
793 1978 933 2038 ego,
986 1958 1211 2021 Graece
1240 1964 1299 2016 et
1321 1956 1532 2017 Latine
1564 1956 1947 2036 doctissimo,
1990 1960 2166 2018 facile
2215 1956 2496 2037 equidem

288 2058 577 2119 adductus
624 2082 777 2138 sum,
821 2071 894 2121 ut
921 2081 1013 2121 eas
1035 2069 1235 2142 partes
1262 2058 1595 2137 traderem3
1639 2079 1709 2118 eo
1734 2061 2103 2141 praesertim,
2147 2059 2311 2139 quod
2345 2076 2497 2136 quae

293 2160 403 2218 ille
434 2163 884 2244 interpretanda
920 2173 1309 2245 suscepturus
1353 2160 1545 2235 foret,
1604 2181 1672 2219 ea
1725 2170 1920 2220 essent
1965 2163 2087 2221 fere
2141 2159 2498 2238 dogmatica,

290 2263 554 2344 adeoque
575 2267 687 2327 vix
716 2275 964 2347 possent
990 2265 1188 2326 verbis
1217 2262 1485 2345 propriis
1514 2281 1584 2320 ac
1618 2263 1954 2344 perspicuis
1990 2285 2023 2323 a
2056 2281 2353 2343 quoquam
2384 2279 2498 2319 ex-

276 2365 484 2445 primi,
511 2368 628 2427 nisi
658 2368 768 2451 qui
793 2369 859 2428 in
889 2367 1069 2428 rebus
1096 2365 1451 2447 theologicis
1482 2366 1744 2426 muitum
1779 2375 2040 2428 versatus
2069 2374 2129 2425 et
2143 2360 2495 2446 quotidiano

279 2463 631 2529 scholarum
655 2492 771 2535 usu
796 2474 1076 2534 subactus
1103 2473 1296 2532 foret:
1338 2471 1404 2531 id
1435 2469 1625 2551 quod,
1667 2470 1720 2531 si
1760 2469 1855 2530 cui
1882 2490 2178 2551 unquam,
2220 2465 2497 2527 cumula-

278 2568 586 2630 tissimum
616 2583 778 2635 certe
803 2575 907 2635 isti
929 2575 1202 2656 contigit.

453 2673 715 2734 Tomum
772 2677 1019 2736 tertium
1079 2674 1451 2736 constituent
1493 2674 1636 2736 libri
1674 2673 2131 2755 quatuordecim
2145 2695 2164 2752 3
2219 2669 2496 2733 historici

282 2773 527 2855 quidem
557 2785 719 2855 octo,
760 2779 1081 2859 dogmatici
1109 2798 1254 2841 vero
1282 2798 1420 2854 sex;
1466 2778 1541 2838 de
1571 2777 1786 2858 quibus
1815 2777 1908 2838 nil
1932 2796 2170 2838 necesse
2199 2785 2289 2836 est
2312 2795 2496 2857 prae-

282 2877 400 2938 fari
428 2877 609 2938 initio
635 2878 819 2942 huius
846 2880 1192 2942 voluminis.

457 2981 683 3044 'remus
699 2994 968 3064 quartus,
993 2994 1230 3065 praeter
1245 2988 1461 3065 poema
1484 2979 1695 3061 ingens
1713 2979 2261 3042 Graecobarbarum
2282 2976 2356 3037 de
2372 2974 2496 3035 bel-

281 3082 344 3143 lo
365 3105 558 3164 sacro,
585 3086 735 3147 item
763 3083 837 3147 de
855 3086 1551 3168 Constantinopolitanis,
1577 3084 2094 3165 Peloponnesiacis
2124 3090 2184 3140 et
2210 3077 2495 3159 Neapoli-

284 3187 442 3243 tanis
463 3188 837 3250 Francorum
862 3190 1379 3271 expeditionibus,
1425 3190 1643 3249 selecta
1671 3187 1977 3248 variorum
2009 3182 2299 3265 opuscula
2345 3199 2498 3240 con-

287 3286 539 3354 finebit5
580 3310 649 3350 ea
693 3292 955 3371 scilicet,
1000 3313 1149 3373 quae
1189 3290 1514 3375 Nicephori
1551 3292 1847 3371 Gregorae
1890 3287 2203 3349 historiam
2239 3289 2497 3367 possunt

287 3385 615 3453 illustrare.
694 3394 763 3449 In
787 3395 863 3455 iis
892 3405 1099 3456 erunt:

462 3493 514 3554 1.
555 3492 829 3554 Narratio
872 3499 1111 3558 Nicetae
1171 3496 1496 3558 Choniatae
1551 3495 1627 3556 de
1681 3495 1893 3556 statuis
1945 3484 2495 3567 Constantinopoli-

292 3596 484 3674 tanis,
529 3617 679 3676 quas
712 3595 950 3672 Latini,
995 3604 1170 3676 capta
1200 3598 1363 3657 Urbe
1398 3599 1770 3673 confractas,
1813 3600 1880 3658 in
1916 3605 2214 3657 monetam
2269 3588 2499 3650 confla-

292 3708 532 3760 verunt.
620 3699 805 3760 Cuius
833 3698 1226 3776 narrationis,
1270 3718 1347 3757 ex
1375 3699 1585 3757 codice
1618 3702 1942 3762 Bodleiano
1971 3695 2347 3774 descriptae,
2392 3708 2502 3747 co·-

292 3801 395 3883 pia
420 3800 574 3862 mihi
601 3824 638 3861 a
668 3802 814 3864 Viro
844 3802 1172 3862 clarissimo
1200 3801 1419 3861 Ioanne
1450 3801 1701 3860 Ernesto
1750 3799 1970 3859 Grabio
1997 3799 2152 3856 facta
2189 3801 2296 3852 est.

460 3906 536 3966 11.
591 3887 890 3966 Theodori
934 3904 1202 3965 Lascaris
1266 3902 1570 3963 orationes
1627 3903 1797 3962 duae.
1849 3901 1932 3967 1⁸.
1975 3895 2334 3958 Encomium
2381 3914 2499 3973 pa-

292 4005 406 4066 tris
438 4007 598 4086 eius,
654 4008 896 4069 Ioannis
927 4009 1129 4067 Ducae
1181 4006 1329 4089 Imp.
1372 4006 1461 4073 2⁸.
1502 4007 1659 4066 Laus
1697 4004 1862 4066 urbis
1909 4002 2196 4077 Nicaeae,
2239 4019 2316 4059 ex
2362 3995 2497 4057 cod.

293 4108 439 4190 Reg.

464 4211 573 4274 111.
615 4213 1057 4274 Testamentum
1084 4211 1320 4273 Arsenii
1346 4209 1753 4294 patriarchae,
1796 4207 2023 4268 editum
2049 4229 2083 4267 a
2115 4201 2429 4265 Cotelerio.

457 4315 568 4378 IV.
612 4315 918 4376 Athanasii
959 4311 1337 4396 patriarchae
1377 4315 1455 4376 ad
1498 4314 1792 4377 seniorem
1819 4308 2230 4372 Andronicum
2275 4304 2505 4388 episto-

464 4417 789 4490 Nicephom
827 4417 1050 4488 (ἔπεστ’.
1090 4415 1202 4470 Vol.
1241 4416 1284 4469 1.
2039 4395 2082 4456 b

350 4523 361 4532 ιι

276 4581 317 4592 0-

312 4643 329 4656 »d
