3094 4876
724 360 1201 431 NICEPHORI
1245 359 1726 433 GREGORAE
1766 360 2118 431 ELOG1A.
2397 373 2530 425 xcv

475 518 916 585 nmmum-um
955 519 1296 581 testimonia
1312 565 1332 598 ‚
1386 527 1600 601 utpote
1636 520 1987 601 pervulgata
2027 529 2090 581 et
2129 519 2383 583 cuilibet
2423 521 2533 582 ob-

310 609 437 685 via,
480 607 744 669 omnino
769 606 945 687 potui
973 606 1245 667 omittere
1256 648 1279 682 ‚
1329 615 1389 665 et
1412 607 1666 667 fortasse
1698 606 1899 670 debui.
1984 607 2103 668 Sed
2143 627 2221 667 ne
2245 605 2426 666 huius
2458 629 2531 669 ac

208 754 217 765 ,
306 694 645 775 superioris
668 692 897 753 saeculi
923 690 1265 752 hominibus
1292 691 1475 752 fidem
1502 691 1815 772 abrogasse
1846 713 2168 773 eorumque
2196 692 2532 753 auctorita-

306 791 429 843 tem
466 778 914 859 contempsisse
944 777 1186 854 videar,
1224 798 1334 839 sex
1379 786 1485 837 aut
1518 788 1744 859 septem
1768 777 1893 840 huc
1921 779 2284 860 producam:
2329 788 2530 840 caete-

310 887 410 926 ros
442 865 721 927 indicare
744 864 892 923 satis
923 863 1123 923 fuerit.

666 965 717 1025 I.
748 967 1046 1044 Lipsius,
1093 965 1238 1027 Not.
1266 960 1360 1023 ad
1375 963 1517 1025 Lib.
1546 962 1607 1029 I.
1640 966 1891 1028 Potitio.
1922 966 2071 1047 Cap.
2101 984 2203 1027 tx.

478 1049 870 1131 Nicephorus
917 1050 1205 1129 Gregoras
1245 1048 1559 1110 historiam
1608 1060 1667 1109 et
1695 1050 1869 1110 filum
1904 1049 2262 1111 narrationis
2291 1048 2533 1110 Nicetae

317 1134 633 1196 choniatis
661 1137 937 1215 excepit,
980 1145 1044 1194 at
1081 1156 1208 1196 non
1245 1134 1507 1195 laudem.
1591 1136 1846 1216 Scripsit
1882 1138 2042 1196 enim
2076 1136 2150 1194 ab
2173 1135 2321 1196 urbe
2358 1144 2534 1216 capta

321 1242 417 1282 res
443 1221 522 1280 ad
550 1220 891 1285 Andronici
918 1219 1251 1300 Palaeologi
1278 1221 1634 1300 posterioria
1666 1230 1916 1281 mortem
1934 1267 1953 1299 ‚
2008 1221 2112 1281 sed
2152 1240 2534 1300 nequaquam

324 1306 461 1386 pari
500 1307 883 1385 castigatione
911 1315 1015 1366 aut
1040 1307 1355 1383 industria,
1397 1316 1459 1366 et
1476 1306 1630 1366 vitia
1653 1307 1828 1388 plura
1849 1306 2041 1366 traxit
2062 1306 2158 1366 sui
2186 1305 2337 1368 aevi.
2423 1306 2535 1364 Su-

333 1389 582 1470 perfluit
611 1401 711 1451 aut
735 1401 1050 1469 evagatur,
1100 1401 1159 1451 et
1188 1411 1285 1452 res
1313 1392 1734 1472 orationesque
1761 1392 2035 1472 proprias
2072 1391 2315 1469 miscet,
2357 1389 2535 1450 inde-

344 1495 503 1548 core,
539 1476 658 1536 imo
680 1477 907 1559 inepte.
989 1477 1219 1536 Iudicia
1248 1487 1444 1537 tamen
1468 1477 1594 1537 eius
1622 1478 1848 1554 crebra,
1880 1487 1939 1537 et
1966 1478 2321 1559 plerumque
2346 1485 2534 1537 recta.

346 1560 579 1621 Cau-asae
616 1572 947 1622 eventuum
971 1562 1206 1623 curiose
1232 1563 1496 1643 positast
1535 1563 1728 1643 pietas
1759 1563 2083 1638 inculcata,
2125 1573 2187 1623 et
2208 1562 2396 1621 multa
2423 1582 2538 1642 op-

334 1656 588 1726 portune
614 1647 693 1707 ad
715 1648 977 1728 primam
1002 1647 1169 1708 illam
1195 1668 1451 1726 causam,
1480 1649 1521 1711 i.
1552 1669 1603 1712 e.
1636 1650 1847 1727 Deum,
1877 1650 2155 1728 relegata.
2207 1649 2361 1707 Sane
2384 1667 2537 1728 pro-

334 1731 654 1791 videntiam
691 1742 755 1793 et
794 1734 986 1794 fatum
1014 1753 1139 1793 non
1173 1733 1327 1794 alius
1355 1734 1621 1816 scriptor
1660 1736 1913 1796 asseruit
1943 1733 2147 1834 magis.
2229 1732 2537 1812 Legendus

342 1836 471 1875 cum
498 1816 620 1877 hoc
649 1818 930 1897 nomine,
970 1829 1104 1878 tum
1136 1819 1313 1879 etiam
1337 1820 1482 1894 illo,
1524 1819 1690 1899 quod
1718 1822 2003 1919 pleraque
2032 1821 2157 1880 eius
2179 1816 2430 1878 historia
2460 1817 2536 1876 ab

344 1920 482 1961 aevo
504 1913 714 1963 nostro
742 1924 867 1963 non
890 1904 1167 1965 dissidet·
1210 1904 1335 1966 imo
1360 1905 1495 1966 lites
1528 1904 1991 1987 dissensusque'
1971 1926 2039 1966 m
2069 1905 2253 1966 sacris
2276 1903 2537 1984 reperies

339 1983 496 2048 haud
521 1970 846 2053 dissimiles
881 1989 1211 2052 hodiernis.

346 2089 653 2151 Greisa-ua
698 2093 769 2150 in
809 2091 1069 2153 Ioannis
1100 2089 1512 2151 Cantacuzeni
1534 2093 1890 2151 Historiam
1904 2135 1923 2168 ‚
1965 2088 2107 2155 edit.
2135 2090 2288 2170 Reg.
2311 2108 2378 2169 p.
2393 2092 2536 2155 932.

504 2191 871 2273 Nicephorus
911 2194 1202 2273 Gregoras
1256 2194 1422 2255 omni
1456 2194 1796 2255 littei-amm
1831 2192 2171 2273 cognitione
2202 2213 2271 2252 ea
2313 2201 2539 2272 tempe-

357 2284 497 2336 state
521 2280 675 2358 apud
701 2279 961 2341 Graecos
985 2279 1258 2341 illustris.

358 2378 510 2442 Idan
530 2381 667 2442 Lib.
715 2381 829 2447 HL
866 2382 1375 2445 Observationum
1411 2385 1479 2443 in·
1519 2382 1738 2465 Georg.
1782 2378 2107 2444 Codinum.
2169 2382 2318 2464 Cap.
2350 2399 2537 2444 1711.

500 2484 879 2567 Nicephorus
916 2487 1205 2565 Gregoras
1234 2507 1343 2545 sua
1370 2485 1436 2544 in
1458 2484 1710 2546 historia
1736 2507 1946 2569 parum
1974 2485 2165 2546 amico
2195 2484 2393 2546 animo
2421 2485 2542 2545 fuit

340 2569 405 2629 in
432 2570 841 2632 Andronicum
872 2571 1167 2631 iuniorem
1192 2572 1622 2653 Imperatorem
1668 2582 1729 2632 et
1764 2573 1830 2632 in
1864 2572 2145 2633 Ioannem
2168 2574 2539 2631 Cantacuze-

333 2676 500 2735 num,
524 2677 806 2735 magnum
822 2659 1259 2734 Domesticum3
1305 2658 1378 2716 de
1404 2677 1522 2737 qua
1555 2657 1851 2737 Gregorae
1877 2659 2194 2738 iniquitate
2226 2665 2394 2717 extat
2415 2676 2542 2737 pu-

332 2741 489 2801 blica
514 2742 886 2822 querimonia
901 2743 1296 2802 Cantacuzeni
1313 2741 1417 2802 lib.
1433 2763 1517 2802 ιν.
1534 2761 1666 2823 cap.
1688 2763 1863 2805 xxlv.
1885 2752 1945 2803 et
1957 2761 2105 2805 xxv.
2147 2742 2272 2804 Nec
2299 2742 2539 2819 mirum,

330 2828 473 2907 quia
503 2827 866 2907 sequebatur
893 2837 1095 2909 partes
1124 2827 1456 2887 Andronici
1489 2828 1761 2906 senioris,
1795 2830 1897 2888 cui
1926 2827 2369 2889 addictissimus
2394 2837 2541 2904 erat,

326 2922 540 2994 utpote
583 2913 868 2993 plurimis
908 2913 1214 2974 beneficiis
1263 2911 1335 2972 ab
1381 2912 1492 2972 illo
1540 2911 1785 2973 affectus
1834 2924 1896 2975 et
1940 2914 2168 2992 magnis
2207 2912 2540 2973 honoribus

327 2999 690 3059 cumulatus.
775 2998 1076 3073 Quocirca
1116 2998 1405 3058 calamum
1440 2997 1749 3059 continere
1777 3019 1903 3059 non
1929 2997 2162 3079 potuit,
2218 2998 2541 3076 quominus

326 3084 652 3165 aliqnando
669 3084 1082 3145 Andronicum
1098 3084 1392 3148 iuniorem
1424 3092 1484 3142 et
1498 3084 1977 3145 Cantacuzenum
2003 3083 2366 3144 mordaciter
2393 3101 2542 3163 per·

325 3171 682 3250 stringeret,
730 3180 788 3230 et
819 3170 1148 3232 calumnias
1169 3171 1236 3231 in
1263 3168 1501 3230 chartas
1532 3168 1884 3232 effunderet.

531 3276 863 3331 Pantanus
878 3319 895 3350 ‚
943 3276 1012 3332 in
1038 3275 1436 3351 Pmefatione
1460 3273 1782 3331 Historiae
1812 3271 2351 3334 Cantacuzenicae.

498 3356 725 3419 verum
753 3359 889 3438 quia
913 3359 1203 3437 Gregoras
1226 3359 1338 3418 iste
1366 3378 1500 3434 avo,
1543 3357 1609 3415 in
1635 3358 1804 3417 cuius
1832 3357 2024 3416 aulam
2052 3356 2302 3417 desertis
2329 3356 2542 3417 studiis

325 3441 681 3503 liberalibus
719 3464 783 3503 se
824 3444 1114 3520 contulit,
1159 3444 1442 3517 amicior,
1482 3443 1693 3524 nepoti
1731 3454 1926 3503 autem
1959 3441 2227 3522 iniquior
2266 3442 2417 3504 fuit·
2458 3444 2544 3503 il-

324 3528 581 3608 lumque
616 3529 945 3609 plurimum
978 3540 1039 3589 et
1069 3550 1243 3611 saepe
1272 3529 1741 3589 commendavit·
1785 3528 1950 3589 hunc
1979 3538 2215 3609 aperte,
2260 3548 2372 3588 nec
2411 3550 2543 3588 mo-

327 3613 464 3676 dice
492 3623 706 3674 etnon
732 3636 872 3675 raro
900 3615 1278 3676 insimulavit
1314 3636 1385 3675 ac
1421 3615 1828 3716 vituperavit.
1872 3614 1950 3674 ad
1990 3613 2141 3674 haec
2188 3633 2342 3692 quae
2382 3615 2545 3675 inter

326 3697 471 3758 illos
503 3699 855 3761 acciderunt
879 3711 1113 3783 partem
1140 3700 1464 3761 maximam
1488 3679 1737 3761 minime
1773 3709 2080 3781 comperta
2106 3698 2346 3759 habuit.
2392 3717 2544 3778 quae

328 3794 532 3845 autem
556 3786 884 3867 comperit,
929 3807 996 3847 ea
1026 3787 1302 3864 confuse,
1345 3787 1730 3867 imperfecte,
1774 3784 2071 3865 quaedam
2101 3803 2342 3864 quoque
2366 3784 2543 3845 aliter

328 3870 675 3950 aliquanto,
726 3871 877 3953 quid
900 3872 1258 3973 aliquanto'l
1299 3873 1490 3932 multo
1531 3872 1706 3931 aliter
1740 3891 1923 3952 quam
1952 3880 2282 3929 evenerunt
2321 3878 2382 3928 et
2406 3889 2544 3930 cum

329 3956 661 4017 mendaciis
693 3959 1005 4039 exposuit·
1050 3959 1118 4018 in
1144 3957 1332 4039 ipsius
1362 3977 1600 4038 quoque
1632 3953 2031 4017 Cantacuzeni
2055 3953 2213 4014 bello
2250 3956 2543 4036 rebusque

332 4044 866 4105 commemorandis
896 4042 959 4126 (q
963 4064 1074 4105 uae
1096 4045 1323 4126 scripta
1348 4044 1447 4104 vel
1472 4043 1854 4116 interierunt,
1898 4041 1997 4101 vel
2024 4038 2262 4100 adhuc
2243 4063 2309 4101 m
2341 4042 2544 4121 aliqua

330 4125 705 4187 Bibliotheca
742 4066 972 4209 latentq)
1016 4149 1236 4212 parum
1269 4129 1428 4190 bona
1478 4128 1601 4189 fide
1641 4126 2077 4227 malevoleque
2107 4138 2379 4188 versatus
2425 4137 2542 4187 ests

334 4211 789 4276 Cantacuzenus
832 4213 981 4277 haec
1022 4215 1177 4276 vitia
1221 4236 1349 4276 non
1397 4216 1594 4275 ferens
1638 4215 1816 4293 longe
1860 4211 2158 4274 sincerius
2176 4258 2194 4291 ‚
2248 4215 2543 4294 longeque

334 4298 669 4379 copiosius,
714 4299 1089 4380 distinctius,
1134 4300 1464 4380 integrius,
1515 4299 1737 4361 certius
1788 4299 1992 4360 omnia
2026 4298 2385 4382 explicavit,
2429 4308 2541 4360 etc.

1220 4384 1388 4447 Idem
1414 4383 1658 4447 ibidem.

504 4468 789 4531 Attamen
835 4468 971 4533 fieri
1027 4479 1263 4554 potest,
1333 4480 1408 4532 ut
1451 4472 1746 4551 Gregoras
1786 4470 1862 4532 de
1903 4470 2169 4532 moribus
2208 4465 2544 4529 Andronici
