3094 4876
485 368 628 433 un
887 353 1352 429 NICEPHORI
1393 350 1874 421 GREGORAE
1916 351 2269 420 ELOGIA.

486 512 665 599 μέρος
704 511 1009 590 ἐπελθεῖν,
1049 508 1119 574 τὰ
1160 505 1630 595 Ἀριστοφάνους
1677 509 1871 575 ἐκεῖνο
1912 503 2156 592 βοήσει·
2201 504 2340 575 δότε
2374 534 2478 592 μοι
2505 505 2678 574 λεκά-

484 623 620 680 νην,
665 595 756 661 ἵν’
781 597 986 680 ἐμέσω.
1040 592 1331 677 τοσαύτης
1360 596 1525 680 γέμει
1557 601 1667 678 τῆς
1703 590 1951 677 άηδίας·
1996 597 2099 658 καὶ
2137 593 2293 661 οὕτω
2320 591 2676 676 παντοδαπή

482 687 574 759 τίς
602 684 722 748 ἐστι
748 683 853 747 καὶ
883 683 1124 763 ποικίλη
1151 688 1356 765 κακῶν
1386 675 1552 764 φορά
1583 725 1794 743 .....
1820 675 2050 763 Ἐρωτᾶ
2072 680 2140 746 δὲ
2166 680 2330 746 πάνυ
2365 677 2676 766 άγροίκως,

481 765 797 848 άφανίζων
831 765 938 831 τόν
967 768 1102 853 περὶ
1125 773 1313 831 ταῦτα
1346 764 1598 849 κόσμον,
1641 765 1745 829 καὶ
1770 762 1882 830 οὐκ
1907 743 2145 872 ᾐδέσθη
2167 766 2282 849 τὴν
2308 767 2675 848 ἐπωνυμίαν,

480 847 562 937 ἧς
593 859 878 918 κοινωνεῖ
896 859 1023 928 τοῖς
1050 848 1413 934 φιλοσόφοις
1445 897 1463 915 .
1498 897 1516 912 .
1545 900 1566 917 .
1599 895 1616 911 .
1643 846 1815 915 Ἀλλὰ
1851 850 2036 914 τᾶλλα
2067 848 2475 934 μιμησάμενος
2503 845 2680 914 Πλά-

482 963 663 1017 τωνα,
709 934 803 1003 ὅτι
824 960 888 1001 τε
917 934 1232 1024 διαλόγους
1255 936 1327 1001 τὰ
1353 931 1781 1021 συγγράμματα
1804 942 1991 1014 καλεῖ,
2011 937 2116 999 καὶ
2143 934 2238 1002 ὅτι
2258 934 2349 1014 τό,
2391 931 2441 1000 οἶ
2468 936 2678 1017 ἑταῖρε,

481 1024 590 1088 καὶ
621 1021 709 1101 τό,
743 1018 905 1105 μάλα
935 1019 1124 1104 μόλις,
1166 1023 1271 1086 καὶ
1296 1020 1384 1101 τό,
1423 1020 1534 1105 οὐχ
1565 1015 1745 1108 ἕπῃῶ
1777 1022 1988 1102 ἑταῖρε,
2031 1022 2137 1085 καὶ
2162 1020 2235 1086 τά
2261 1027 2509 1085 τοιαῦτα
2537 1042 2682 1084 συν-

481 1111 630 1191 είρει
646 1159 665 1188 ,
707 1114 884 1173 τοῦτο
938 1104 1126 1190 μόνον
1151 1104 1265 1172 οὐκ
1293 1106 1620 1190 ἐμιμήσατο
1653 1152 1850 1169 .....
1889 1104 1975 1170 Τά
2010 1102 2289 1190 λήμματα
2318 1105 2383 1170 δὲ
2411 1114 2677 1190 γενναῖα,

481 1195 590 1258 καὶ
632 1189 734 1259 οἷα
777 1191 1017 1276 σιωπὴν
1062 1192 1370 1278 ἐπενέγκαι
1399 1199 1483 1282 τῷ
1516 1196 1793 1279 Παλαμᾷ.
1848 1194 2119 1275 λοιδορία
2145 1191 2261 1276 γάρ
2288 1191 2536 1256 ἕκαστον
2560 1217 2683 1272 μα-

481 1273 602 1360 κρά
645 1303 734 1353 τις
774 1276 880 1342 καὶ
917 1276 1292 1361 παντοδαπὴΙ
1316 1279 1420 1342 καὶ
1444 1283 1554 1358 τῆς
1583 1280 1853 1351 διανοίας
1894 1273 2037 1353 άξία
2063 1283 2176 1341 τοῦ
2199 1273 2571 1359 φιλοσόφου·
2613 1273 2684 1350 ὃς

488 1362 717 1429 εἰδέναι
758 1362 869 1446 μὲν
900 1365 1308 1449 ἐπαγγέλλεται
1340 1359 1415 1427 τά
1444 1360 1505 1427 τ’
1528 1360 1704 1440 ὄντα,
1746 1359 1820 1425 τά
1846 1356 1907 1423 τ’
1932 1358 2217 1443 ἐσόμενα,
2259 1388 2306 1425 π
2346 1357 2379 1427 ό
2407 1358 2467 1424 τ’
2492 1355 2683 1426 ἐόντα.

488 1448 596 1512 καὶ
644 1445 760 1534 γάρ
793 1449 897 1512 καὶ
925 1445 1321 1555 χρησμολόγος
1354 1472 1444 1524 τις
1467 1444 1621 1512 εἶναι
1652 1445 1929 1529 βούλεται
1958 1449 2194 1525 δοκεῖν,
2237 1472 2317 1510 κα
2370 1436 2683 1510 >samatus

487 1557 625 1597 τινα
668 1536 922 1616 συνείρει
946 1584 964 1612 ,
1007 1534 1111 1597 καὶ
1151 1542 1392 1616 μυθους
1422 1532 1524 1597 καὶ
1563 1529 1802 1619 ἐπῳδάς
1826 1537 2136 1613 πανταχοῦ
2162 1538 2405 1613 καταχεῖ
2429 1537 2550 1596 τῶν
2579 1526 2683 1595 λό-

486 1642 632 1704 γων.
676 1618 716 1682 δ
738 1621 947 1682 τοίνυν
974 1625 1101 1683 πᾶν
1129 1619 1307 1702 μέρος
1332 1613 1508 1702 λόγου
1543 1614 1895 1701 συναγαγών
1923 1613 2224 1702 η’γνόησεν
2250 1614 2363 1696 zm
2392 1621 2682 1680 καλοῦσιν

490 1705 558 1766 οἱ
598 1699 1093 1779 ἀποδεικνύοντες
1122 1710 1356 1786 λῆμμα,
1404 1701 1482 1768 ἄν
1511 1726 1576 1766 τε
1603 1707 1856 1789 λογικῶς
1878 1700 1956 1765 ἅν
1984 1726 2047 1766 τε
2074 1709 2503 1785 μαθηματικῶς
2528 1697 2684 1765 άπο-

491 1789 682 1863 δεῖξαι
723 1787 860 1874 δὲῃ·
908 1783 1059 1852 άλλοὶ
1094 1787 1207 1872 τήν
1241 1790 1551 1871 λοιδορίαν
1577 1794 1781 1870 λῆμμα
1810 1782 2085 1851 ἐκάλεσεν
2116 1833 2132 1849 .
2165 1833 2182 1850 .
2208 1835 2223 1849 .
2255 1832 2271 1849 .
2302 1788 2426 1851 Καὶ
2467 1784 2685 1867 άστρο-

487 1877 726 1953 νομῶν,
772 1872 838 1936 ἐν
872 1869 1109 1960 γλώσσῃ
1167 1873 1278 1957 μὲν
1317 1869 1496 1937 ου’δέν
1538 1874 1707 1956 φέρει
1751 1877 1860 1954 τῆς
1902 1868 2262 1955 ἐπιστήμης’
2308 1878 2588 1954 σφαιρῶν
2615 1868 2685 1934 δὲ

489 1957 816 2039 ἐμπίπλησι
845 1955 959 2039 τήν
986 1961 1216 2022 οἰκίαν·
1245 1959 1351 2023 καὶ
1376 1955 1575 2022 πάντα
1598 1961 1849 2067 βιβλίων
1876 1957 2041 2042 γέμει
2063 1959 2167 2021 καὶ
2192 1952 2680 2041 διαγραμμάτων·

488 2042 592 2106 καὶ
633 2045 967 2123 σκίμποδας
1005 2045 1111 2108 καὶ
1142 2040 1409 2127 ὀρόφους
1454 2064 1706 2126 μεστους
1750 2044 2116 2107 ἐπιδείκνυσι
2142 2048 2256 2124 τῆς
2284 2046 2534 2120 σοφίας,
2576 2039 2684 2103 καὶ

487 2123 689 2191 πάντα
728 2132 956 2209 μᾶλλον
994 2125 1038 2208 ἦ
1085 2126 1198 2210 τὴν
1248 2125 1459 2212 ψυχήν
1487 2176 1502 2191 .
1537 2175 1554 2190 .
1580 2173 1596 2190 .
1626 2175 1641 2190 .
1668 2125 1760 2193 Ov’
1799 2133 1977 2192 τοῦτο
2019 2132 2228 2193 τοίνυν
2259 2124 2551 2210 θαυμάζω
2575 2124 2685 2191 τόν

489 2211 857 2293 ἄνθρωπον
896 2210 1036 2277 ἄλλ’
1067 2210 1226 2277 ἄνθ’
1263 2208 1348 2277 ὧν
1375 2210 1673 2296 ἐδυνήθη,
1715 2211 1789 2276 τά
1827 2212 1938 2295 μὲν
1964 2209 2286 2291 διδάσκων,
2326 2211 2399 2276 τά
2435 2213 2503 2275 δὲ
2529 2236 2686 2293 μαν-

488 2292 729 2374 θάνων,
774 2299 841 2361 ἐν
862 2296 1124 2385 τοσούτῳ
1148 2295 1389 2381 πελάγει
1414 2299 1518 2361 καὶ
1544 2296 1766 2380 χρόνου
1794 2298 1894 2359 καὶ
1918 2293 2133 2381 λόγων,
2162 2296 2277 2380 τὴν
2298 2295 2506 2380 ψυχήν
2532 2294 2686 2377 άμα-

487 2387 585 2463 θῆ
618 2384 1009 2463 διατηρῆσαι·
1051 2380 1337 2488 καθάπερ
1364 2380 1508 2458 τούς
1530 2379 2025 2464 θαυματοποιοΰς
2056 2379 2488 2467 θαυμάζομεν,
2531 2378 2686 2448 άπα·

487 2474 630 2543 θεῖς
656 2472 865 2534 κακῶν
892 2469 998 2533 καὶ
1020 2474 1144 2552 πῦρ
1170 2469 1273 2532 καὶ
1295 2471 1459 2554 υδωρ
1485 2469 1590 2538 καὶ
1617 2472 1767 2550 ξίφη
1794 2468 2223 2551 διερχομένους.

1078 2601 1170 2668 In
1221 2601 1576 2691 Gregorae
1619 2601 2092 2669 deliramenta.

656 2719 739 2779 At
781 2719 1108 2802 Gregoras‚
1150 2723 1250 2784 vir
1288 2724 1519 2784 scilicet
1558 2724 2029 2804 sapientissimus
2049 2770 2066 2801 ‚
2111 2746 2181 2784 ac
2209 2726 2258 2786 si
2287 2725 2343 2786 ei
2377 2727 2519 2786 satis
2558 2747 2687 2786 nou

489 2804 565 2865 sit
581 2805 902 2884 Byzantios
933 2810 1001 2867 in
1030 2809 1125 2869 sui
1158 2809 1611 2869 admirationem
1651 2810 2028 2886 convertisse,
2058 2810 2220 2891 ipsos
2251 2832 2487 2891 quoque
2503 2811 2687 2870 Thes-

489 2891 926 2972 salonicenses,
970 2895 1124 2955 datis
1163 2895 1411 2971 litteris,
1453 2896 1522 2954 in
1565 2915 1701 2954 suas
1743 2894 1948 2954 laudes
1997 2897 2189 2973 cogit,
2246 2906 2307 2956 et
2345 2898 2582 2955 adorari
2620 2915 2688 2955 se

490 2984 729 3036 tantum
759 2997 885 3037 non
914 2980 1079 3039 iubet
1096 3003 1114 3057 3
1155 3001 1368 3062 nempe
1399 2980 1471 3039 ab
1492 2979 1834 3040 hominibus
1864 2981 2100 3057 liberis,
2145 2981 2248 3060 qui
2279 2981 2436 3041 nihil
2467 2982 2543 3040 ad
2571 3002 2686 3041 cu-

492 3060 768 3142 iusquam
798 3066 1045 3141 gratiam
1063 3067 1477 3146 aucupandam
1497 3086 1603 3126 seu
1629 3065 1827 3126 dicere
1851 3085 1957 3124 seu
1970 3066 2162 3125 facere
2179 3067 2541 3143 didicerunt,
2567 3075 2685 3130 etc.

489 3146 755 3206 Primum
782 3149 931 3210 illud
964 3153 1173 3227 miror,
1200 3153 1365 3232 quod
1394 3151 1732 3212 admirandi
1762 3149 2374 3212 'thessalonicensium
2404 3151 2688 3211 antistitis

488 3230 759 3308 linguam
788 3243 847 3291 et
878 3235 1073 3313 ignem
1098 3238 1164 3295 in
1199 3257 1262 3297 se
1287 3238 1426 3296 inde
1461 3245 1870 3317 erumpentem
1894 3234 2286 3313 ignoraverit=
2330 3247 2462 3296 tum
2488 3238 2687 3314 etiam,

490 3317 656 3394 quod
691 3336 753 3375 se
798 3339 832 3375 a
874 3319 1496 3382 Thessalonicensibus
1535 3324 1685 3381 bene
1733 3320 2080 3380 auditurum
2128 3322 2415 3402 sperarit,
2473 3323 2580 3402 qui
2625 3332 2690 3383 et

490 3400 636 3458 olim
670 3402 870 3461 nescio
903 3426 1022 3484 quo
1051 3408 1171 3465 fato
1200 3407 1554 3467 vilissimum
1584 3427 1719 3467 eum
1743 3405 2103 3483 habuerunt,
2149 3409 2311 3487 quod
2337 3409 2415 3468 ad
2444 3407 2687 3468 dicendi

488 3485 837 3545 facultatem
865 3490 1162 3568 attineret,
1198 3512 1373 3572 quam
1400 3502 1570 3552 tanto
1601 3493 1721 3552 iam
1749 3503 2015 3572 tempore
2045 3492 2395 3572 profitetur:
2438 3503 2498 3552 et
2529 3513 2683 3553 eun-

488 3569 627 3629 dem
669 3591 835 3631 nunc
877 3575 949 3635 de
978 3577 1098 3634 Deo
1145 3578 1300 3636 male
1337 3588 1398 3637 et
1437 3578 1621 3658 impie
1654 3580 1874 3638 sentire
1906 3578 2189 3648 credunt,
2232 3589 2344 3637 etc.
2417 3579 2508 3636 Ac
2533 3578 2685 3639 libet

488 3656 731 3735 quidem
771 3657 898 3738 ipse
935 3661 1197 3740 parentis
1237 3663 1331 3723 sui
1392 3673 1576 3744 caput
1617 3683 1824 3741 magna
1869 3664 2122 3742 quadam
2175 3672 2236 3721 et
2279 3663 2689 3736 turbidissima

485 3742 753 3822 procella
798 3745 1079 3824 agitatum
1107 3749 1330 3825 arguit,
1374 3748 1521 3809 adeo
1565 3758 1634 3808 ut
1660 3749 1834 3808 illum
1866 3748 2033 3808 cuius
2063 3750 2257 3807 foetus
2287 3758 2376 3808 est
2394 3748 2543 3811 satis
2576 3749 2688 3810 de-

489 3828 709 3902 claret,
754 3838 814 3888 et
846 3832 1033 3892 risum
1076 3832 1483 3895 vehementem
1507 3844 1762 3896 moveat.
1846 3834 1997 3893 Nam
2025 3835 2218 3914 primo
2245 3833 2450 3902 ¹eiusce
2485 3835 2688 3914 operis

488 3931 712 3972 nomen
748 3913 1047 3978 incertum
1086 3929 1207 3996 est,
1251 3941 1365 3980 nec
1399 3920 1596 3980 ullum
1643 3919 1909 4000 suppetit
1948 3919 2111 3999 quod
2153 3919 2207 3978 ei
2233 3918 2582 3996 conveniat,
2617 3928 2689 3981 ut

488 4016 605 4056 nec
642 3997 719 4056 iis
779 4021 929 4080 quae
966 4015 1201 4085 praeter
1245 4017 1522 4066 naturam
1574 4004 1929 4085 gignuntur,
1974 4013 2086 4064 etc.
2160 4004 2384 4064 Deinde
2423 4005 2687 4083 singulas

489 4081 635 4142 libri
671 4095 871 4164 partes
913 4088 1105 4167 legere
1136 4090 1186 4151 si
1210 4092 1341 4171 quis
1366 4102 1459 4153 est
1486 4092 1592 4170 qui
1620 4092 1946 4168 sustineat,
1986 4091 2040 4149 is
2075 4089 2232 4149 illud
2267 4089 2688 4170 Aristophanis

492 4170 882 4249 exclamabit,
932 4173 1072 4234 date
1088 4177 1351 4255 pelvim,
1394 4188 1465 4238 ut
1506 4198 1780 4237 vomam.-
1821 4185 1992 4235 tanta
2039 4176 2304 4236 abundat
2343 4176 2685 4252 insulsitas5

489 4255 637 4316 adeo
676 4259 997 4340 multiplex
1040 4271 1099 4321 et
1122 4262 1287 4324 varia
1311 4264 1468 4324 inest
1511 4265 1804 4323 malarum
1831 4282 2032 4322 rerum
2061 4261 2349 4341 colluvio,
2392 4272 2506 4324 etc.
2573 4262 2687 4320 Est

492 4352 691 4404 autem
712 4343 778 4403 in
801 4345 1224 4428 interrogando
1251 4350 1494 4412 omnino
1525 4349 1787 4431 agrestis,
1829 4357 1891 4409 et
1919 4347 2239 4431 probatum
2261 4348 2380 4409 hac
2405 4348 2470 4410 in
2496 4365 2562 4407 re
2587 4346 2684 4406 le-
