3094 4876
797 260 1273 336 NICEPHORI
1316 261 1797 334 GREGORAE
1836 262 2192 333 ELOGIA.
2454 274 2618 323 mxxi

489 424 671 490 Acin
679 421 906 508 ἄγημα
955 421 1329 511 Gregorae.
1370 419 1690 510 Epistola
1739 420 2266 488 (thesalonicae
2309 418 2497 485 data.

536 545 896 617 Balsamon,
935 542 1036 603 vir
1065 542 1370 621 egregius,
1413 562 1554 602 cum
1585 552 1645 601 et
1678 540 1905 603 amicus
1932 563 2105 603 meus
2129 542 2209 603 sit
2240 550 2298 602 et
2326 541 2445 601 mei
2476 550 2604 603 stu-

367 630 478 689 dio
532 630 778 689 amieos
830 649 1038 689 omnes
1083 628 1320 702 vincat,
1360 637 1497 687 tuas
1518 626 1670 687 mihi
1703 628 1930 688 litteras
1958 626 2211 706 (sciebat
2235 627 2390 687 enim
2423 648 2514 687 me
2547 620 2611 688 et'

363 716 467 775 tui
512 724 577 775 et
612 715 989 794 scriptorum
1032 723 1279 773 tuorum
1315 732 1517 773 amore
1551 711 1931 774 vehementer
1958 709 2438 794 inflammatum),
2469 721 2606 772 tuas

366 801 635 881 inquam
685 800 924 859 litteras
966 797 1114 858 mihi
1158 797 1411 875 obtulit,
1450 797 1702 876 insignis
1742 807 1802 858 et
1835 799 2035 877 magni
2075 798 2394 860 cuiuslibet
2416 796 2606 858 bene-

370 884 500 945 ficii
547 886 696 945 loco
742 883 1087 961 haben-1³³3
1127 882 1264 942 illas
1297 882 1613 960 videlicet,
1667 903 1818 962 quae
1859 883 2133 943 caelestia
2174 883 2398 963 ignaris
2438 904 2607 964 pan-

375 971 555 1032 dunt.
642 970 788 1029 Una
830 967 980 1029 haec
1023 969 1155 1028 laus
1182 968 1257 1027 iis
1284 989 1400 1047 pro
1443 968 1563 1027 alio
1595 969 1760 1028 omni
1787 968 1979 1048 elogio
2006 969 2294 1031 sufficiat:
2332 969 2514 1029 immo
2546 978 2607 1029 et

378 1056 646 1137 epistola
690 1064 755 1114 et
783 1053 1070 1135 epistolae
1094 1062 1270 1134 ¹pater
1290 1052 1467 1114 istam
1497 1052 1734 1113 laudem
1763 1053 1908 1114 boni
1935 1056 2281 1132 consulant,
2324 1054 2376 1114 si
2405 1054 2603 1114 minus

380 1161 601 1221 parem
619 1140 715 1200 rei
750 1138 1052 1218 dignitati,
1096 1148 1160 1198 at
1181 1159 1298 1219 pro
1330 1147 1514 1221 captu
1542 1147 1773 1213 nostro,
1817 1149 2107 1219 quatenus
2135 1159 2350 1220 nempe
2384 1148 2442 1199 et
2464 1158 2604 1219 per-

388 1227 627 1306 spicere
656 1234 715 1285 et
744 1223 955 1305 eloqui
987 1243 1335 1304 possumus,
1380 1222 1526 1283 satis
1566 1223 1959 1302 magnificam.
2043 1225 2166 1305 Ego
2196 1224 2603 1285 verolitteras

396 1311 473 1369 ab
504 1310 611 1368 illo
651 1318 928 1390 acceptas
959 1329 1099 1368 cum
1140 1309 1559 1390 perlegissem,
1603 1329 1845 1369 sensum
1881 1312 2295 1386 reconditum,
2342 1310 2604 1370 Graecae

404 1394 637 1473 linguae
683 1395 1155 1475 proprietatem,
1201 1395 1538 1454 dictionum
1586 1415 1660 1453 ex
1703 1393 1882 1454 horto
1921 1395 2094 1475 quasi
2136 1395 2339 1457 Attico
2390 1395 2598 1454 decer-

396 1489 633 1561 ptarum
673 1466 955 1540 floridam
991 1481 1371 1557 elegantiam,
1419 1489 1903 1557 argumentorum
1928 1480 2312 1556 varietatem,
2356 1500 2432 1539 ex
2463 1480 2602 1539 Pla-

392 1566 551 1624 tonis
584 1564 660 1642 (si
686 1585 805 1644 qua
837 1563 1014 1624 nobis
1040 1564 1188 1624 fides
1218 1564 1282 1624 in
1312 1556 1408 1624 his
1443 1565 1663 1647 rebus)
1708 1586 1875 1646 penu
1913 1566 2331 1647 depromptam
2350 1610 2367 1642 ‚
2413 1574 2601 1624 totam

393 1650 683 1729 denique,
721 1659 798 1709 ut
836 1649 1020 1710 verbo
1070 1650 1297 1726 dicam,
1343 1650 1839 1729 compositionem
1883 1661 2196 1712 venustam
2236 1659 2297 1712 et
2343 1649 2599 1711 concin-

398 1755 539 1794 nam
578 1734 910 1795 admiratus
941 1753 1111 1795 sumt
1161 1755 1523 1814 quamquam
1563 1755 1648 1813 ea²
1692 1756 1843 1816 quae
1875 1736 2034 1815 dixi,
2076 1737 2235 1798 veris
2273 1735 2503 1795 minora
2537 1743 2599 1794 et

400 1820 573 1898 longe
602 1820 764 1880 infra
803 1840 932 1880 rem
967 1820 1232 1884 suerunt.
1319 1821 1602 1879 Attamen
1637 1841 1733 1880 eas
1759 1822 1988 1882 litteras
2029 1844 2142 1901 pro
2190 1821 2356 1883 virili
2399 1818 2597 1879 admi·

398 1915 562 1964 ratus
608 1909 693 1964 eis
732 1903 990 1980 tradidi,
1025 1904 1131 1984 qui
1165 1900 1522 1986 magnopere
1556 1905 1935 1987 expetebant.
2015 1907 2205 1967 Erant
2229 1928 2411 1987 porro
2445 1904 2600 1986 plu-

396 1989 569 2064 rimi,
610 2010 682 2049 ac
712 2010 824 2072 per
852 2009 1058 2049 omnes
1087 1989 1406 2051 admiratio
1438 1991 1724 2071 pervasit.
1798 1991 1951 2050 Tum
1981 1993 2201 2071 passim
2223 1991 2339 2051 tibi
2365 1989 2599 2050 theatra

402 2074 710 2154 plaudere,
750 2074 976 2156 passim
1006 2095 1211 2135 omnes
1235 2094 1382 2154 prae
1408 2074 1628 2154 gaudio
1658 2073 1917 2150 exsilire,
1954 2074 2085 2135 aliis
2114 2076 2232 2139 alia
2260 2073 2598 2157 suspicien-

412 2158 605 2236 tibus,
646 2159 813 2219 immo
859 2160 1059 2219 omnia
1092 2159 1400 2239 omnibus,
1445 2181 1559 2240 pro
1592 2181 1701 2221 sua
1740 2159 1988 2237 singulis
2019 2160 2321 2221 facultate.
2405 2159 2497 2219 Ita
2527 2168 2600 2219 tu

417 2243 636 2323 quidem
667 2243 939 2304 homines
977 2265 1297 2327 suspensos
1327 2245 1664 2304 litterarum
1705 2244 2004 2306 suavitate
2054 2245 2323 2307 tenuisti.
2415 2242 2598 2321 Quod

411 2337 591 2389 sutem
617 2329 952 2391 eruditione
977 2340 1082 2390 tua
1107 2350 1291 2410 aeque
1319 2331 1596 2391 omnibus
1631 2331 1961 2410 profueris,
2003 2340 2136 2393 tum
2184 2332 2259 2391 iis
2294 2329 2400 2412 qui
2438 2350 2594 2390 ean-

400 2412 530 2475 dem
560 2414 681 2495 ipsi
707 2435 946 2495 quoque
969 2416 1346 2497 disciplinam
1374 2416 1808 2496 excoluissent,
1851 2425 1983 2478 tum
2008 2416 2086 2480 iis
2125 2417 2230 2500 qui
2275 2416 2458 2478 rudes
2492 2434 2592 2476 es-

394 2509 552 2577 sent3
593 2498 693 2560 his
722 2500 968 2582 quidem
996 2521 1095 2562 eas
1126 2522 1259 2580 res,
1300 2521 1445 2580 quas
1477 2522 1787 2582 nunquam
1814 2502 2159 2581 audierant,
2201 2503 2468 2580 edoctis3
2510 2501 2595 2561 il·-

393 2584 469 2645 lis
493 2605 642 2646 vero
673 2606 871 2646 earum
886 2629 907 2662 ‚
953 2606 1096 2666 quas
1125 2607 1434 2668 perperam
1463 2587 1835 2663 didicerant,
1877 2597 2044 2650 recta
2075 2598 2136 2649 et
2167 2596 2446 2649 securata
2481 2607 2593 2645 co-

391 2671 663 2749 gnitione
686 2671 1032 2731 instructisz
1075 2672 1208 2752 quis
1239 2693 1363 2732 non
1387 2672 1501 2732 tibi
1533 2693 1602 2733 eo
1638 2672 1880 2733 nomine
1911 2673 2128 2752 gratias
2154 2670 2494 2756 [maximas]
2532 2670 2592 2750 ¹)

387 2756 537 2834 agit,
578 2766 642 2816 at
684 2756 949 2816 minores
970 2767 1175 2817 tamen
1205 2778 1379 2838 quam
1412 2779 1561 2838 quas
1585 2778 1651 2819 re
1681 2758 1812 2842 ipsa
1841 2757 2062 2818 habet?
2120 2759 2416 2840 Equidem
2446 2755 2596 2816 mihi

382 2841 600 2904 videor
640 2839 814 2901 haud
852 2850 1073 2902 temere
1110 2843 1437 2921 iudicasse,
1480 2844 1650 2904 illam
1694 2842 2009 2925 epistolam
2052 2854 2223 2923 grata
2253 2843 2595 2923 lyricorum

378 2927 775 2988 modulorum
820 2926 1109 2988 varietate
1155 2949 1189 2987 a
1241 2926 1523 2990 Thebano
1574 2937 1711 2991 vate
1756 2929 2119 2990 elaboratam
2137 2970 2154 3000 ,
2215 2937 2276 2988 et
2323 2926 2593 3003 Veneris,

379 3013 515 3072 eius
545 3011 836 3072 nimirum
863 3032 1020 3091 quae
1050 3033 1082 3072 a
1111 3014 1359 3074 Platone
1386 3014 1660 3074 caelestis
1684 3013 1942 3091 dicitur,
1985 3013 2225 3095 plenam
2254 3010 2592 3073 credidisse.

376 3096 575 3178 Atqui
601 3097 793 3157 multa
814 3106 922 3156 tua
948 3097 1108 3180 apud
1142 3117 1239 3158 me
1275 3099 1528 3158 collecta
1558 3097 1904 3159 excellentis
1935 3097 2157 3176 ingenii
2193 3105 2252 3157 et
2275 3095 2594 3157 facundiae

377 3191 779 3243 monumenta
820 3181 937 3243 alia
979 3180 1434 3244 admirationem
1478 3182 1735 3243 habent:
1797 3202 1948 3263 quae
2005 3192 2109 3261 tu,
2154 3182 2204 3241 si
2246 3180 2593 3258 meministi,

377 3267 569 3329 beato
594 3268 689 3327 illi
708 3267 850 3328 viro
878 3277 938 3326 et
971 3267 1316 3328 doctissimo
1354 3263 1721 3349 philosopho
1739 3265 1799 3349 ²)
1842 3266 2098 3349 Iosepho
2129 3268 2321 3327 divini
2351 3268 2595 3348 sapien-

374 3353 585 3434 tisque
622 3352 895 3416 Palmae
921 3349 977 3435 ⁸)
1007 3353 1356 3416 interventu
1396 3362 1535 3414 ante
1564 3353 1687 3414 hoc
1721 3353 2033 3416 biennium
2071 3353 2303 3448 misisti.
2385 3351 2505 3413 Hic
2532 3349 2592 3424 ⁴)

453 3519 523 3588 1)
571 3518 633 3571 81
669 3519 819 3587 legas
851 3518 1102 3586 μείζους,
1134 3520 1434 3574 vertendum
1474 3519 1608 3586 erit,
1722 3521 1863 3577 atius
1888 3521 2011 3593 agit
2046 3521 2297 3583 matam,
2341 3536 2499 3590 quam
2534 3536 2596 3574 rs

524 3589 649 3657 ipsa
674 3589 897 3672 habeat,
933 3589 1071 3660 quod
1097 3589 1376 3644 absurdum
1401 3593 1499 3644 est.
1622 3537 1888 3676 25'Extat
1912 3592 2049 3644 inter
2075 3592 2348 3658 Gregorae
2372 3605 2598 3658 opuseu-

524 3656 582 3710 la
610 3655 738 3743 fed,
773 3658 948 3744 Vati?-
969 3660 1139 3742 '1086-
1173 3658 1265 3743 fol:
1303 3661 1386 3717 75.
1420 3657 1568 3743 ’³0¹3ss
1612 3678 1715 3716 τον
1736 3658 2210 3747 ἱσεβιιτσμιιιὶιτιιητοεξν
2230 3654 2435 3726 Ἰωσήφ
2467 3655 2599 3727 περὶ

525 3744 632 3814 *too
659 3743 847 3813 nuez-u
872 3729 1206 3813 «nodetgceg
1222 3746 1374 3792 οπως
1398 3726 1612 3800 ἔσφαλη
1643 3748 1752 3814 uoq
1775 3726 2023 3798 χρόνων,
2055 3727 2150 3812 ‘2⁴²2
2176 3745 2328 3790 οπως
2354 3728 2447 3783 δεῖ
2468 3744 2597 3782 ποι-

532 3799 725 3850 εισθαι
747 3816 851 3864 την
875 3816 1083 3852 τουτου
1115 3799 1453 3866 economum,
1489 3815 1669 3870 parum
1701 3800 1911 3852 diversa
1945 3797 2011 3851 ab
2048 3796 2280 3850 eiusdem
2307 3812 2367 3850 ar
2407 3796 2598 3852 umenti

530 3863 910 3986 (disputatione,
943 3884 1080 3936 quae
1111 3866 1252 3951 edita
1273 3875 1358 3922 est
1383 3868 1684 3951 Hl‘ffzssyz·
1711 3868 1819 3952 jib.
1842 3882 1963 3920 vm.
1995 3882 2111 3936 cap.
2142 3866 2226 3921 13.
2341 3866 2378 3922 8
2440 3865 2597 3918 Acin-

538 3951 667 4055 ἒξ
670 3937 1036 4073 ‘5100‘2232'1‘3
1061 3935 2601 4078 333&ssAEOEpgsszgssmrssss⁰21¹22¹02messssn2misossteffssiff

537 4088 639 4141 que
666 4080 729 4123 ut
756 4075 1030 4157 credamus
1043 4110 1061 4138 ,
1094 4076 1414 4148 Acindynum
1444 4074 1564 4128 ideo
1591 4076 1647 4127 in
1671 4076 1770 4127 hac
1790 4073 2009 4146 epistola
2033 4073 2313 4128 blanditum
2336 4091 2451 4127 esse
2461 4074 2602 4126 Gre-

573 4156 726 4206 orae‚
761 4142 898 4211 quod
930 4161 976 4195 is
1000 4160 1170 4196 secum
1202 4146 1449 4199 adversus
1466 4143 1722 4197 Palamam
1749 4143 2090 4213 conspiraret·
2157 4142 2293 4197 Vide
2328 4142 2602 4225 cod-[teg.

539 4277 602 4348 4)
635 4209 873 4335 Pk&
877 4212 991 4268 183.
1039 4212 1130 4267 ubi
1170 4214 1409 4271 Palamas
1448 4213 1751 4283 magistrum
1775 4230 1834 4267 se
1859 4211 2115 4284 Acindyni
2143 4212 2304 4267 fuisse
2333 4212 2604 4282 gloriatur.

2827 4419 3049 4803 A
