3094 4876
823 356 1294 429 NICEPHORI
1331 357 1812 433 GREGORAE
1853 360 2087 432 VITA.
2424 375 2544 426 m

322 530 491 583 ctum
514 518 733 581 verbis
765 517 1153 581 confirmavit
1176 515 1255 601 ¹):
1285 528 1593 580 mortuum
1612 519 1850 583 funebri
1872 520 2141 581 oratione
2161 520 2400 602 publice
2430 523 2541 586 de-

314 607 495 668 flevit
518 605 605 683 Ξ).
700 605 932 664 Scitum
972 612 1063 664 est
1097 604 1221 664 eius
1256 604 1330 665 de
1360 604 1472 666 illo
1512 605 1761 667 dietum.
1843 608 2068 689 Nempe
2094 607 2167 666 ab
2192 607 2541 691 Andronico

266 688 283 699 “
316 692 560 753 seniore
598 691 1043 767 intem-egatus,
1102 710 1222 769 quo
1274 700 1453 770 pacto
1500 691 1898 770 Metochites,
1930 714 1965 751 a
2019 692 2296 753 tenuibus
2351 694 2540 756 initiis

321 780 645 859 profectus
675 774 843 858 (nam
866 775 1257 854 exBryennio
1283 786 1670 858 praeceptore
1694 797 1993 859 perpauca
2016 778 2353 857 didicerat),
2378 800 2539 841 sum-

324 883 463 924 mus
516 873 913 922 astronomus
968 861 1248 921 evasisset
1263 906 1281 938 ,
1338 861 1504 920 nihil
1547 866 1777 923 miram
1794 906 1815 942 ‚
1861 863 2058 942 inquit
2103 863 2420 943 Gregoras,
2471 887 2540 925 ex

320 969 529 1029 parva
568 945 870 1026 lampade
906 966 1199 1026 magnam
1223 948 1437 1024 facem
1477 946 1750 1011 accendi.
1838 948 2283 1009 Cantacuzenus
2323 949 2539 1010 lauda-

331 1042 461 1094 tum
505 1033 590 1092 ait
620 1032 681 1112 8)
726 1031 807 1093 ab
831 1031 1198 1111 Imperatore
1223 1052 1474 1092 acumen
1502 1034 1950 1115 respondentis,
1991 1034 2096 1115 qui
2129 1033 2394 1115 imagine
2420 1035 2538 1096 ob-

335 1119 435 1181 via
461 1139 530 1178 ac
559 1117 845 1177 familiari
876 1126 1152 1177 naturam
1177 1117 1271 1177 rei
1307 1118 1384 1177 ob
1413 1120 1621 1179 oculos
1647 1119 1962 1200 posuisset.

498 1203 787 1263 Florebat
825 1202 957 1262 aula
997 1203 1331 1281 Byzantina
1393 1204 1608 1264 studiis
1661 1204 1954 1265 bonarum
2004 1205 2254 1283 artium,
2297 1207 2539 1267 favente

342 1289 499 1349 viris
528 1287 1097 1359 doctis‚Andronico
1127 1289 1521 1368 Imperatore;
1567 1289 1654 1349 sic
1694 1299 1764 1351 ut
1792 1288 1920 1350 eius
1945 1291 2157 1351 domus
2189 1311 2317 1351 non
2352 1292 2535 1352 modo

346 1372 674 1435 honestatis
700 1383 754 1432 et
788 1373 982 1434 omnis
1006 1374 1248 1434 virtutis
1279 1374 1557 1452 officina,
1600 1375 1707 1435 sed
1744 1384 1805 1434 et
1823 1375 2149 1436 litterariae
2185 1375 2537 1437 eruditionis

363 1459 715 1537 gymnasium
757 1467 819 1517 et
858 1459 1098 1518 (licendi
1138 1458 1559 1520 certaminibus
1608 1461 1910 1540 quoddam
1956 1461 2147 1521 veluti
2176 1462 2538 1521 curriculum

359 1554 615 1623 apertum
639 1564 768 1604 esse
794 1540 1102 1605 videretur
1131 1541 1209 1623 4).
1293 1545 1501 1625 Itaque
1528 1566 1598 1606 eo
1620 1557 1889 1627 tempore
1917 1546 2214 1607 maximus
2237 1547 2356 1605 fuit
2379 1545 2539 1627 apud

356 1630 606 1690 Graecos
648 1639 955 1689 oratorum
971 1675 989 1706 ,
1024 1627 1544 1710 philosophorum,
1588 1633 1955 1710 aliorumque
1983 1631 2359 1692 eruditorum
2387 1652 2540 1711 pro-

351 1724 575 1776 ventus.
662 1715 955 1793 Gregoras
991 1716 1188 1794 magni
1224 1715 1584 1794 Logothetae
1644 1716 2072 1778 consuetudine
2125 1716 2374 1777 satiatus
2427 1735 2539 1776 ex-

356 1800 553 1880 pedire
603 1800 713 1860 sibi
751 1799 1040 1873 credidit,
1093 1801 1210 1859 iam
1260 1820 1448 1861 annos
1489 1822 1691 1862 xxvn.
1734 1811 1911 1879 nato,
1960 1823 2134 1863 usum
2179 1801 2257 1862 ad
2303 1801 2541 1863 doctri-

358 1904 492 1944 nam
531 1886 851 1964 adiungere
893 1895 956 1944 et
990 1906 1064 1945 ex
1104 1885 1315 1946 umbra
1353 1887 1419 1946 in
1463 1886 1660 1947 lucem
1701 1887 1947 1968 prodire
1977 1886 2051 1969 ⁶).
2139 1887 2540 1962 Quamobrem

353 1971 683 2031 studiorum
740 1990 988 2031 auorum
1050 1970 1270 2031 fiducia
1329 1972 1520 2032 fretus
1583 1973 1660 2033 ad
1721 1973 2149 2051 Imperatorem
2212 1973 2411 2053 ipsum
2476 1992 2541 2032 se

354 2057 643 2134 contulit,
695 2066 767 2116 ut
816 2076 915 2132 se,
973 2055 1026 2115 si
1075 2066 1312 2137 posset,
1366 2056 1435 2115 in
1488 2057 1613 2116 eiua
1672 2058 2134 2117 familiaritatem
2189 2057 2538 2117 insinuaret.

355 2141 729 2201 Per-amanter
767 2151 821 2200 et
862 2142 1022 2201 ultra
1059 2162 1240 2221 quam
1283 2151 1630 2219 speraverat
1680 2143 1934 2218 benigue
1975 2150 2268 2220 exceptus
2320 2141 2542 2200 oratio-

368 2244 507 2283 nem
546 2226 696 2306 apud
729 2246 851 2293 eum
893 2225 1141 2300 habuit,
1185 2227 1447 2305 duasque
1490 2226 1721 2309 inipso
1752 2226 2042 2303 virtutes,
2086 2224 2438 2304 sapientiam
2480 2233 2543 2285 et

320 2316 335 2329 ‘
375 2309 771 2389 eloquentiam,
809 2311 1087 2372 laudavit
1117 2309 1192 2393 ⁶).
1298 2312 1592 2392 Tempore
1629 2310 1992 2392 procedente
2047 2310 2133 2370 ita
2185 2309 2541 2372 benevolum

367 2396 603 2457 eundem
640 2406 921 2478 expertus
973 2407 1092 2475 est,
1164 2406 1234 2466 ut
1277 2397 1464 2477 aliqui
1512 2396 1974 2478 indignarentur
2015 2396 2328 2473 iuvenem,
2369 2395 2548 2455 nulla

359 2480 651 2560 dignitate,
702 2485 875 2544 nullo
905 2483 1239 2543 sacerdotio
1267 2484 1762 2560 commendatum,
1803 2493 1969 2544 tanta
2002 2482 2167 2563 apud
2198 2481 2541 2562 Principem

348 2568 534 2646 gratia
560 2570 776 2629 valere.
843 2567 1228 2630 Andronicus
1248 2614 1266 2647 ,
1301 2577 1374 2628 ut
1400 2590 1469 2630 os
1495 2571 1834 2630 obstrueret
1857 2567 2383 2642 obtrectatoribus,
2415 2566 2541 2647 pri-

350 2672 478 2713 mos
521 2654 798 2714 ecclesiae
827 2652 1090 2714 honores
1116 2654 1389 2715 conferre
1415 2654 1467 2713 ei
1492 2654 1693 2715 iuveni
1724 2654 1966 2731 statuit,
2010 2662 2069 2712 et
2102 2649 2541 2732 chartophyla-

347 2738 432 2798 cis
464 2739 848 2818 dignitatem‚
889 2740 1063 2800 velut
1089 2739 1325 2820 pignus,
1367 2740 1570 2800 statim
1608 2739 1863 2800 obtulitt
1907 2759 1979 2796 ac
2007 2738 2128 2796 iam
2154 2737 2362 2813 eidem,
2398 2746 2543 2796 tan·-

344 2844 519 2902 quam
544 2824 713 2885 haud
737 2824 917 2886 dubie
946 2835 1292 2907 accepturo,
1333 2834 1531 2885 vestes
1562 2835 1622 2885 et
1648 2823 1906 2903 insigina
1936 2822 2244 2901 dignitatis
2272 2821 2542 2901 parabat.

342 2910 670 2989 Gregoras,
711 2911 1087 2972 immaturam
1131 2919 1382 2970 aetatem
1433 2918 1493 2970 et
1545 2909 1885 2970 studiorum
1947 2928 2197 2968 suorum
2247 2906 2544 2966 rationem

336 3006 677 3074 caussatus,
719 2996 929 3076 gratiis
968 2995 1116 3055 actis
1131 3041 1149 3073 ,
1195 3005 1255 3055 et
1299 2995 1545 3057 laudato
1588 2996 1988 3076 Imperatore,
2030 2992 2295 3055 oblatum
2346 2988 2545 3049 hono-

331 3101 463 3143 rem
489 3082 861 3162 repudiavit.
945 3081 1311 3161 Repudianti
1340 3081 1436 3141 vis
1470 3101 1660 3162 paene
1681 3082 1852 3140 illata
1876 3077 1960 3158 ⁷).

505 3168 840 3247 Aliquanto
884 3174 1024 3247 post
1060 3163 1114 3248 ⁸)
1160 3176 1292 3227 orta
1327 3167 1487 3227 inter
1523 3166 1796 3226 eruditos
1837 3162 2057 3225 nobilis
2102 3157 2538 3221 controversia.

332 3251 792 3313 Conveniebant
820 3254 1027 3313 crebro
1061 3251 1127 3312 in
1147 3251 1439 3333 palatium
1462 3250 1585 3312 viri
1616 3250 1912 3331 sapientes
1939 3256 1998 3306 et
2028 3246 2214 3324 docti,
2257 3254 2434 3323 atque
2459 3243 2545 3302 il·-

326 3337 415 3396 lic
454 3339 736 3397 certatim
782 3337 858 3396 de
892 3338 1073 3398 rebus
1118 3338 1484 3417 quibuslibet
1532 3337 1692 3396 scitu
1730 3334 1924 3414 (lignis
1961 3353 2165 3393 coram
2195 3329 2544 3390 Andronico

327 3424 580 3482 seniore
614 3422 1014 3500 disputabant.
1102 3423 1248 3481 Cum
1288 3423 1475 3501 igitur
1508 3424 1851 3501 frequentes
1894 3419 1981 3479 ibi
2008 3416 2327 3497 aliquando
2368 3416 2546 3474 ades-

327 3518 469 3567 sent
486 3504 584 3585 9),
619 3506 1034 3582 Andronicus,
1077 3517 1148 3567 ut
1177 3507 1513 3588 Nicephoro
1544 3508 1869 3585 Gregorae,
1913 3523 2090 3584 quem
2121 3501 2298 3563 valde
2328 3499 2544 3579 dilige·-

325 3592 438 3653 bat
453 3591 572 3672 ¹⁰),
594 3591 832 3650 dicendi
863 3591 1239 3650 occasionem
1262 3593 1589 3672 praeberet,
1628 3591 1991 3650 mentionem
2015 3587 2227 3647 iniecit
2256 3584 2330 3645 de
2346 3595 2543 3644 astro-

327 3677 566 3738 nomia.
669 3677 823 3736 Tum
881 3676 1200 3755 Gregoras‚
1259 3677 1365 3756 qui
1412 3678 1486 3736 de
1531 3675 1818 3736 Paschate
1861 3674 1940 3733 ad
1977 3669 2405 3754 Imperatorem
2451 3689 2547 3729 re-

333 3765 505 3823 ferre
551 3761 828 3843 cupiebat
886 3761 1277 3842 iampridem,
1333 3762 1755 3821 astronomiam
1806 3760 1998 3839 ipsam
2041 3760 2307 3838 primum
2347 3753 2548 3832 coepit

331 3848 629 3909 laudare:
667 3846 881 3907 deinde
915 3867 1084 3907 usum
1117 3846 1242 3907 eius
1272 3847 1450 3907 etiam
1477 3847 1555 3907 ad
1575 3845 1879 3907 Paschatis
1908 3843 2335 3904 correctionem
2358 3838 2546 3919 perti-

412 4032 483 4101 1)
520 4030 637 4087 Lib.
668 4047 784 4086 vm.
819 4049 866 4083 c.
892 4030 944 4086 5.
1082 4029 1149 4099 2)
1184 4030 1301 4085 Lib.
1328 4049 1384 4084 x.
1420 4048 1467 4084 c.
1494 4032 1547 4087 2.
1664 4031 1730 4101 3)
1766 4029 1980 4084 Cantac.
2012 4027 2152 4083 Hist-
2184 4024 2274 4080 lib.
2308 4041 2347 4079 1.
2383 4041 2431 4079 c.
2460 4025 2546 4080 11.

484 4099 707 4222 4)7Lib.
742 4115 957 4222 vmffflp.
994 4099 1046 4153 8.
1206 4103 1270 4169 5)
1316 4104 1463 4156 Anno
1497 4098 2002 4224 {brbsti-ncqpxxn.
2153 4097 2217 4165 6)
2260 4095 2379 4233 Lig).
2404 4109 2550 4216 ὧιέἱ.

484 4187 579 4293 leil).
605 4170 807 4291 buhle.
836 4208 947 4295 13..
980 4184 1180 4304 vni-⁰3:-
1192 4171 1529 4308 {eustogius
1551 4187 1846 4305 Gregcitrrzlm
1861 4183 2252 4300 ἓέἒὲξῐῖίξῐζώ
2272 4250 2336 4286 ex
2362 4251 2423 4286 eo
2449 4199 2547 4300 ap:

488 4312 669 4378 patet,
702 4308 838 4378 qnod
862 4311 1212 4376 aegrotantem
1232 4308 1542 4366 visitaverit.
1611 4307 1775 4364 Extat
1810 4308 1909 4363 bac
1938 4307 2005 4363 de
2038 4324 2100 4362 re
2132 4305 2192 4361 in
2228 4302 2407 4359 codice
2443 4301 2547 4354 Va·-

490 4377 663 4432 ficano
691 4378 854 4449 λόγος
877 4376 1353 4449 nonomen-maxtin.
