3094 4876
601 319 754 397 548
1200 326 1665 400 NICEPHORI
1704 325 2180 397 GREGORAE

357 507 418 561 Δ.
452 506 523 559 Π.
613 493 756 587 (Δ.)
814 488 1232 581 Φθινοπῶρου
1276 496 1318 559 δ
1325 492 1347 520 ³
1392 491 1735 579 ἀρχομένου
1762 489 1886 576 ἤδη
1925 486 2214 575 σόγχυσις
2249 486 2481 574 γίνεται,
2497 488 2816 566 πολιτείας

378 576 518 696 δὲδ
614 602 678 666 ἐν
721 606 798 686 τῇ
829 602 892 665 Γ
886 594 1117 687 εννοῦᾳ.
1188 603 1312 662 τῶν
1359 596 1477 682 γὰρ
1523 596 1675 681 γένει
1707 598 1807 660 καὶ
1853 590 2101 680 πλούτῳ
2128 589 2520 677 προύχόντων
2546 598 2666 674 τῆς
2694 590 2817 659 πό-

371 711 514 770 6849
615 708 766 779 λεως
793 702 1018 784 ἐκείνης
1050 698 1206 785 πρὸς
1230 699 1303 765 τὸ
1334 706 1565 785 γαῦρον
1600 694 1700 763 aial
1730 692 2291 781 ὖπεροπτικῶτερον
2323 693 2810 777 ἅποκλινάντων,

275 784 681 903 hfgnffffiiff‘ssc
728 806 1057 890 τυραννίδα
1100 803 1214 886 τὴν
1261 809 1375 886 τῆς
1401 802 1820 887 δημοκρατίας
1848 796 2280 885 ὁμοφροσύνην
2302 796 2817 881 μεταβάλλεσθαι

614 907 941 986 ξυνέβαινε.
1016 908 1118 971 καὶ
1164 905 1272 973 διὸ.
1323 910 1507 970 τοῦτο
1566 900 2130 987 ταλαιπωρούμενοι
2176 903 2389 977 δεινῶς
2436 901 2499 967 οἱ
2541 899 2856 984 δημόται5

556 1011 1149 1086 Βκατεξανίστανται
1195 1005 1432 1074 τούτων
1471 1009 1575 1073 καὶ
1607 1009 1911 1083 ἐξωθοῦσι
1952 1011 2065 1088 τῆς
2092 1001 2326 1079 πόλεως
2356 1005 2458 1068 καὶ
2488 1010 2811 1071 καθιστῶ-

605 1139 703 1179 σιν
734 1108 1002 1196 ἡγεμόνα
1040 1119 1153 1195 τῆς
1200 1113 1504 1191 πολιτείας
1537 1111 1642 1175 ἵνα
1673 1116 1785 1175 τοῦ
1818 1107 2056 1193 δήμου,
2110 1106 2271 1173 κατὰ
2303 1105 2373 1173 τὸ
2406 1106 2668 1191 ἀρχαῖον
2700 1112 2814 1192 τῆς

604 1214 900 1291 ὑπατείας
942 1220 1064 1281 τῶν
1089 1211 1408 1297 Ῥωμαίων
1449 1213 1723 1295 ἀξίωμα,
1778 1210 1820 1296 ἢ
1845 1216 2085 1294 μᾶλλον
2126 1209 2285 1287 κατὰ
2311 1209 2425 1293 τὴν
2460 1216 2584 1275 τῶν
2619 1214 2814 1275 Βενε-

281 1333 334 1383 A.
359 1332 417 1380 c.
463 1322 795 1384 134οτικῶν
844 1318 1170 1383 πολιτείαν.
1277 1315 1409 1404 (Ε.)
1469 1322 1601 1381 Τοῦ
1656 1317 1725 1380 δέ
1769 1320 2066 1397 χειμῶνος
2110 1309 2334 1378 τούτου
2379 1309 2812 1399 παρερῥυηκό-

371 1396 435 1451 v·
468 1397 573 1452 ²73
604 1448 733 1501 τος,
752 1424 852 1487 καὶ
877 1428 988 1486 τοῦ
1014 1418 1190 1504 ἡλίου
1223 1419 1333 1485 τὸν
1356 1418 1525 1506 κριὸν
1552 1416 2113 1504 παραλλάττοντος,
2127 1411 2322 1501 ἐφάνη
2336 1413 2573 1503 Ξιφίας
2601 1416 2666 1481 ἐν
2690 1415 2806 1481 οὖ-
2825 1422 2900 1478 lo

603 1531 807 1612 ρανῷ,
866 1522 1077 1606 ὅμοιος
1114 1524 1229 1605 μέν
1257 1529 1343 1609 τῷ
1374 1522 1496 1608 πρὸ
1529 1530 1717 1607 τριῶν
1746 1521 1864 1605 ἤδη
1904 1521 2154 1607 φανέντι
2186 1526 2312 1584 τῶν
2342 1520 2670 1598 ἐνιαυτῶν,
2726 1517 2807 1584 οὗ

550 1630 747 1712 Cuspi
789 1625 898 1693 τὸν
940 1625 1128 1692 αὐτὸν
1176 1626 1244 1691 δέ
1285 1622 1505 1706 τόπον,
1563 1625 1708 1690 οὐδὲ
1745 1623 1858 1708 τὴν
1891 1620 2107 1706 ὁμοίαν
2142 1619 2507 1705 ποιούμενος
2534 1623 2803 1704 κίνησιν·

604 1730 765 1797 ἀλλὰ
807 1728 1147 1814 ἀρξάμενος
1187 1728 1312 1793 ἀπὸ
1341 1734 1449 1812 τῆς
1485 1732 1608 1793 τῶν
1631 1733 1842 1812 χηλῶν
1869 1732 2183 1809 τελευτῆς,
2240 1724 2397 1790 ἔνθα
2433 1725 2543 1790 τὸν
2570 1721 2807 1807 στάχυν

601 1840 714 1918 τῆς
730 1833 1044 1917 παρθένου
1065 1838 1396 1916 τηνικαῦτα
1415 1842 1691 1917 παρεῖναι
1721 1831 2089 1912 συνέβαινεν,
2109 1831 2354 1894 ἐκινεῖτο
2384 1826 2545 1893 κατὰ
2558 1823 2805 1911 νυχθή-

601 1962 791 2021 μερον
834 1937 1090 2002 ἕκαστον
1127 1938 1270 2021 περί
1302 1961 1422 2001 που
1465 1935 1579 2010 τὰς
1622 1935 1796 2000 πέντε
1839 1935 2065 2017 μοίρας
2078 1983 2098 2011 ,
2158 1932 2271 2006 ἕως
2309 1928 2688 2014 κατήντησεν
2718 1932 2889 2006 εἶςίς

585 2039 714 2105 ,τὸν
739 2039 977 2117 λέοντα,
1030 2037 1204 2104 κάκεῖ
1227 2034 1481 2120 διελύθη
1512 2038 1747 2110 τελέως.
1853 2033 1986 2124 (ς’.)
2045 2040 2191 2100 Τῶν
2217 2034 2286 2099 δέ
2317 2031 2615 2121 Τούρκων
2643 2031 2809 2098 ὀκτὼ

597 2139 870 2226 χιλιάδες
895 2138 1482 2225 διαπεραιωσάμενοι
1508 2140 1616 2206 τὸν
1639 2137 2106 2222 Ἑλλησπόντιον
2130 2136 2446 2223 πορθμὸν,
2496 2136 2657 2219 μετὰ
2682 2143 2810 2202 τῶν

601 2241 940 2329 ὑποζυγίων
984 2244 1041 2310 οἱ
1075 2247 1351 2325 πλείους,
1407 2246 1728 2328 ἐληίσαντο
1759 2250 1968 2311 πᾶσαν
2014 2241 2128 2326 τὴν
2172 2240 2313 2326 ἄχρι
2342 2244 2592 2306 Μυσῶν
2626 2235 2809 2330 Θρᾴ-

547 2361 753 2430 Βκην,
810 2346 888 2430 ἣν
934 2345 1012 2430 δὴ
1056 2350 1157 2411 καὶ
1179 2344 1501 2429 Ῥωμαίοις
1523 2348 1639 2430 μὲν
1665 2343 1893 2432 ἔρημόν
1919 2371 1984 2411 τε
2013 2347 2115 2410 καὶ
2147 2343 2369 2427 ἀτριβῆ
2395 2339 2808 2426 πεποιήκεσαν

595 2458 805 2517 πᾶσαν
827 2473 843 2488 ·
899 2451 1074 2516 αὐτοὶ
1119 2451 1189 2514 δ’
1231 2450 1480 2536 ἄγοντές
1518 2476 1583 2516 τε
1626 2453 1729 2515 καὶ
1773 2451 2061 2538 φέροντες
2102 2446 2214 2513 οὐκ
2260 2446 2505 2512 ὀκνοῦσι
2552 2443 2891 2532 νύκτωρέο

597 2557 699 2619 καὶ
722 2552 883 2635 μεθ’
911 2550 1146 2638 ἡμέραν
1173 2556 1274 2617 καὶ
1295 2553 1407 2638 τὴν
1420 2554 1534 2638 μὲν
1572 2555 1739 2619 λείαν
1768 2560 1977 2620 πᾶσαν
1996 2548 2454 2634 διαβιβάζοντες
2483 2550 2546 2623 ἐς
2561 2548 2802 2629 Ἀσίαν,

595 2656 774 2720 αὐτοὶ
817 2659 856 2719 δ
863 2654 883 2679 ²
931 2653 1440 2722 ἀπαλλάττεσθαι
1481 2662 1592 2739 τῆς
1630 2655 1882 2745 Θρᾴκης
1911 2653 2053 2721 οὐδ’
2087 2653 2208 2736 ὀψὲ
2235 2659 2350 2719 τοῦ
2372 2649 2608 2739 χρόνου
2634 2659 2803 2734 βου-

592 2756 837 2840 λόμενοι
853 2804 874 2836 ,
929 2754 1037 2821 ἅτε
1067 2758 1305 2840 μηδένα
1339 2758 1448 2824 τὸν
1476 2756 1992 2841 ἐναντιωσόμενον
2018 2756 2274 2840 ἔχοντες.

545 2876 595 2931 Ε
744 2857 825 2944 η’.
872 2859 977 2924 Ἐν
1024 2856 1226 2949 τούτῳ
1271 2866 1360 2950 τῷ
1400 2860 1533 2947 ἔαρι
1573 2863 1677 2925 καὶ
1704 2864 2064 2941 Βασίλειος,
2121 2855 2155 2925 ὅ
2186 2865 2299 2942 τῆς
2329 2860 2803 2946 Τραπεζοῦντος

733 2991 783 3046 1.
820 2982 931 3058 ἤδη
964 2987 1087 3041 add.
1122 2990 1186 3042 A.
1286 2991 1339 3046 9.
1372 2985 1581 3046 τούτου
1608 2988 1728 3044 add.
1753 2991 1819 3045 A.
1925 2988 2008 3047 14.
2041 2990 2353 3059 παρθενίας
2371 2988 2433 3043 Α.
2518 2989 2608 3045 23.
2634 2984 2801 3044 ἐναν-

731 3060 868 3112 τίων
902 3054 1182 3128 ὠσάμενον
1215 3059 1279 3111 A.
1302 3103 1313 3114 .

595 3162 747 3231 (IV.)
779 3165 1032 3216 Autumno
1090 3167 1256 3216 autem
1297 3161 1398 3216 iam
1434 3162 1647 3218 ineunte
1686 3162 1976 3216 Genuensis
2020 3161 2308 3234 respublica
2343 3162 2647 3232 perturbata
2690 3164 2797 3215 est.

591 3233 730 3286 Nam
753 3233 841 3301 qui
872 3249 1063 3301 genere
1091 3241 1144 3284 et
1169 3232 1354 3302 opibus
1385 3233 1437 3285 in
1467 3251 1529 3286 ea
1557 3234 1683 3287 urbe
1718 3233 2077 3302 praestabant,
2111 3233 2178 3286 ad
2209 3234 2394 3285 fastum
2418 3239 2477 3283 et
2497 3230 2794 3299 superbiam

590 3299 931 3363 deflexerunt,
958 3301 1035 3354 sic
1063 3309 1122 3354 ut
1145 3301 1488 3355 democratiae
1511 3303 1854 3371 aequabilitas
1873 3302 1927 3354 in
1957 3301 2275 3371 tyrannidem
2299 3309 2595 3380 mutaretur.
2635 3299 2793 3352 Plebs

586 3369 801 3438 itaque,
837 3386 947 3422 cum
977 3386 1042 3422 ea
1071 3388 1130 3423 re
1157 3369 1309 3423 valde
1337 3380 1644 3440 angeretur,
1680 3371 1735 3425 in
1764 3388 1854 3423 eos
1895 3371 2147 3440 insurgit,
2183 3388 2244 3423 ac
2287 3369 2469 3422 iisdem
2496 3369 2628 3421 urbe
2666 3385 2793 3421 exa-

588 3438 690 3490 ctis
717 3454 866 3491 unum
894 3456 924 3490 e
951 3438 1137 3508 populo
1163 3439 1356 3492 Ducem
1379 3441 1480 3493 sibi
1507 3440 1781 3493 constituit
1799 3478 1814 3503 ,
1845 3440 1910 3493 ad
1934 3440 2265 3492 imitationem
2298 3438 2442 3501 eius,
2478 3453 2614 3507 quae
2649 3437 2793 3506 apud

587 3507 843 3560 Romanos
887 3506 1004 3559 olim
1045 3506 1179 3571 fuit,
1215 3509 1516 3561 Consularis
1558 3507 1862 3577 dignitatis,
1896 3516 1986 3561 aut
2023 3509 2198 3578 potius
2235 3506 2466 3576 exemplo
2504 3523 2538 3557 a
2574 3506 2793 3559 Venetis

587 3576 769 3647 petito.
838 3576 958 3644 (V.)
992 3577 1175 3629 Hieme
1201 3595 1327 3631 vero
1360 3578 1574 3647 elapsa,
1613 3595 1726 3630 cum
1764 3576 1840 3629 sol
1880 3577 1983 3630 iam
2017 3578 2238 3631 Arietem
2273 3575 2648 3645 pertransiret,
2682 3574 2793 3627 Co-

585 3651 722 3696 meta
752 3644 888 3697 ensis
919 3646 1094 3713 specie
1118 3645 1172 3702 in
1206 3647 1349 3700 caelo
1378 3648 1655 3729 apparuit,
1687 3646 1868 3699 similis
1900 3646 2102 3716 quidem
2129 3646 2213 3712 ei,
2246 3644 2335 3715 qui
2359 3653 2479 3697 ante
2510 3643 2791 3698 triennium

585 3719 932 3783 apparuerat,
965 3714 1056 3766 sed
1083 3731 1184 3766 non
1216 3715 1392 3769 eodem
1419 3733 1474 3767 m
1495 3716 1634 3780 loco,
1671 3733 1767 3769 nec
1792 3721 1928 3768 motu
1964 3716 2161 3771 eodem.
2227 3716 2364 3768 Nam
2396 3713 2517 3766 inde
2553 3712 2796 3783 auspica-

583 3789 703 3844 tus,
737 3782 826 3834 ubi
848 3782 1043 3835 Chelae
1063 3784 1368 3837 desinebant
1396 3793 1451 3837 et
1475 3784 1570 3837 Vir
1609 3784 1711 3838 ‘nis
1752 3784 1898 3853 spica
1929 3791 2036 3837 mm
2076 3785 2407 3845 occurrebat,
2440 3781 2663 3849 singulis
2708 3781 2794 3834 vi·-

582 3851 736 3918 genis
758 3852 1023 3933 quaternis
1054 3853 1226 3914 horis,
1273 3853 1444 3923 quinis
1476 3871 1573 3921 gra
1612 3854 1728 3908 ibus
1774 3853 2231 3922 progrediebatur,
2266 3853 2428 3916 donec
2453 3850 2519 3904 ad
2562 3851 2790 3906 Leonem

624 3927 944 3985 euenisset,
979 3921 1069 3973 ubi
1104 3937 1311 3989 prorsus
1346 3923 1576 3975 evanuit.
1646 3923 1796 3990 (vl.)
1832 3922 2103 3974 Caeterum
2131 3922 2421 3975 Turcorum
2455 3927 2574 3972 octo
2608 3919 2789 3984 millia,

583 3936 921 4057 hellesponto
946 4005 1056 4042 cum
1093 3989 1331 4043 iumentis
1367 3991 1604 4060 plerique
1643 3992 1894 4053 traiecto,
1930 4008 2123 4044 omnem
2150 3991 2430 4043 Thraciam
2474 3989 2540 4043 ad
2566 3987 2790 4058 Mysiam

584 4073 748 4125 usque
772 4058 1107 4126 diripuerunt.
1183 4058 1352 4120 Quam
1379 4061 1623 4114 Romanis
1665 4070 1863 4113 vastam
1905 4067 1961 4111 et
2004 4060 2068 4111 ab
2108 4060 2240 4112 omni
2283 4066 2433 4129 parte
2468 4058 2788 4111 inaccessam

581 4141 695 4178 cum
717 4126 964 4190 fecerint,
999 4126 1103 4196 ipsi
1134 4135 1290 4181 noctu
1318 4136 1373 4181 et
1401 4129 1631 4182 interdiu
1669 4127 1906 4199 populari
1944 4145 2046 4182 non
2078 4129 2345 4182 desinuntz
2382 4127 2624 4197 praedam
2664 4125 2789 4195 qui-

581 4192 695 4246 dem
725 4213 918 4248 omnem
944 4195 998 4247 in
1028 4194 1198 4249 Asiam
1223 4204 1668 4266 transportantes,
1701 4197 1801 4266 ipsi
1826 4214 1951 4251 vero
1977 4211 2043 4250 ne
2076 4197 2229 4266 longo
2258 4196 2461 4267 quidem
2506 4202 2629 4264 post
2654 4203 2788 4249 tem·

579 4277 707 4330 pore
731 4263 962 4318 volentes
993 4265 1192 4318 domum
1217 4266 1390 4318 redire
1416 4304 1431 4329 ,
1466 4266 1662 4336 quippe
1686 4284 1797 4320 cum
1824 4282 1969 4319 nemo
1994 4266 2093 4329 sit,
2130 4266 2219 4335 qui
2256 4267 2333 4318 eis
2360 4265 2597 4317 obsistat.

717 4334 767 4385 8.
805 4334 920 4387 Hoc
944 4348 1070 4386 vere
1095 4333 1323 4388 Basilius
1345 4336 1500 4390 etiam
1518 4336 1873 4407 Trapezuntis
1898 4334 2138 4405 princeps
2164 4335 2392 4401 morimr,
2428 4331 2579 4387 brevi
2600 4332 2780 4386 morbo
