3094 4876
735 386 1211 457 NICEPHORI
1253 385 1735 456 GREGORAE
1775 386 2013 457 VITA.
2315 394 2482 448 xm

271 549 447 633 gavit.
532 547 737 609 Nocte
785 556 988 609 antem
1032 547 1308 628 proxime
1337 547 1698 626 subsequuta
1729 546 2091 627 Byzantium
2121 557 2484 629 occupatum

272 658 305 698 a
330 637 760 697 Cantacuzeno
790 631 865 715 ι).

432 721 553 782 Hic
585 722 781 798 longo
811 727 954 779 ante
991 739 1171 800 quam
1202 727 1354 779 esset
1382 717 1458 778 ad
1495 739 1835 799 supremam
1861 719 2209 800 dignitatem
2235 730 2479 782 evectus

275 807 680 888 Nicephorum
715 807 1046 895 Gregoram
1085 806 1153 865 in
1198 804 1427 864 intimis
1462 802 1768 867 habuerat.
1848 806 2213 868 Litterarum
2256 806 2483 907 quippe

280 892 489 953 studiis
514 914 550 951 a
575 911 776 973 puero
804 910 1003 970 nsque
1031 892 1266 951 deditus
1294 889 1353 972 ²)
1396 890 1631 951 amabat
1657 892 1825 952 viros
1856 893 2100 971 doctos,
2140 901 2203 952 et
2239 910 2376 952 cum
2405 893 2482 952 iis

285 981 547 1059 nequens
575 976 1077 1038 conversabatur.
1135 975 1257 1035 Ubi
1293 994 1495 1036 rerum
1519 977 1748 1058 potitus
1772 985 1862 1037 est
1877 976 1961 1058 ⁸),
1994 979 2210 1039 veteris
2237 977 2490 1059 quidem

287 1063 697 1126 familiaritatis
740 1062 840 1122 ius
881 1061 1180 1142 integrum
1220 1061 1316 1120 ini
1344 1063 1639 1122 servavit.
1683 1063 1786 1123 sed
1814 1064 1953 1144 plus
1985 1083 2175 1143 aequo
2208 1064 2274 1123 in
2303 1064 2478 1123 Pala-

289 1149 454 1210 mitas
472 1168 815 1231 propensus
848 1167 982 1228 spes
1008 1148 1367 1229 praeclaras,
1390 1167 1537 1227 quas
1564 1149 1614 1206 is
1632 1146 1703 1207 de
1727 1148 1861 1227 ipso
1879 1159 2256 1230 conceperat,
2278 1148 2479 1208 omni·-

292 1254 369 1294 no
406 1236 725 1295 fimmtus
752 1242 864 1294 est.
952 1234 1248 1313 Gregoras
1276 1252 1420 1293 vero
1451 1234 1527 1293 de
1555 1232 1732 1294 amici
1763 1234 1875 1315 (ita
1900 1235 1974 1294 de
1995 1235 2364 1316 Imperatore
2390 1235 2481 1295 lo-

298 1318 519 1400 quitur)
559 1319 742 1379 salute
782 1319 1082 1380 sollicitus
1121 1320 1188 1378 in
1232 1339 1361 1379 eam
1402 1338 1612 1378 curam
1653 1327 1822 1378 totus
1866 1318 2175 1396 incubuit,
2218 1328 2292 1379 ut
2342 1339 2482 1379 eum

308 1405 653 1464 aberrantem
690 1405 755 1464 iu
789 1405 954 1464 viam
991 1405 1323 1465 reduceret.
1412 1404 1578 1478 Quin
1608 1404 1784 1464 etiam
1813 1404 2068 1483 cognitis
2100 1403 2481 1466 adversario-

312 1508 440 1548 rum
475 1489 1006 1551 machinationibus
1022 1536 1040 1568 ,
1091 1491 1194 1571 qui
1238 1499 1310 1549 nt
1351 1509 1531 1570 quam
1570 1490 1840 1571 primum
1873 1490 2054 1550 exilio
2087 1491 2481 1550 mulctaretur

315 1575 623 1635 clanculum
663 1585 727 1635 et
760 1577 963 1655 palam
1002 1577 1166 1657 apud
1206 1576 1688 1636 Cantacuzenum
1718 1576 1996 1655 agebant,
2040 1576 2288 1638 liberius
2318 1575 2483 1634 huuc

307 1680 525 1739 “gnere
563 1660 866 1738 instituit,
928 1671 1001 1720 ut
1041 1663 1141 1722 vel
1184 1662 1531 1722 convictum
1571 1663 1807 1743 pudore
1857 1662 2155 1740 afficeret,
2210 1660 2311 1721 vel
2350 1662 2483 1740 ipse

303 1746 564 1826 Byzantio
620 1755 873 1806 exactus
914 1749 1194 1808 ecclesiae
1234 1767 1551 1828 oppressae
1592 1756 1918 1829 conspectu
1974 1747 2182 1807 saltem
2230 1754 2480 1808 careret.

309 1829 388 1889 At
416 1826 512 1892 ille
540 1840 723 1892 tenax
759 1831 1089 1912 propositi,
1132 1852 1246 1893 nec
1287 1832 1552 1893 hominis
1589 1833 1730 1893 irati
1774 1833 1973 1895 verbis
2005 1833 2302 1909 offensus,
2342 1832 2482 1912 pari

308 1935 479 2014 usque
513 1918 639 1978 iure
676 1917 1012 1998 Imperator
1054 1938 1190 1979 cum
1234 1919 1474 1999 privato
1502 1918 1881 1999 disputabat3
1925 1928 1998 1979 ut
2019 1919 2183 1979 illius
2203 1918 2482 1977 clemen-

303 2001 455 2079 tiam,
492 2003 669 2083 magis
695 2023 876 2084 quam
905 2002 1083 2063 huius
1111 2005 1327 2080 zelum,
1369 2004 1642 2085 plerique
1668 2004 2129 2065 admirarentur.
2209 2003 2480 2063 Tandem

306 2086 597 2165 Gregoras,
638 2089 919 2167 quoniam
943 2087 1060 2149 hac
1090 2089 1285 2149 minus
1310 2088 1684 2164 succedebat,
1728 2090 1905 2148 aliam
1932 2090 2097 2149 viam
2117 2088 2475 2166 ingreditur.

312 2171 708 2231 Ωιιιῑιωιιιιο
742 2173 1233 2254 Didymotichum
1274 2174 1549 2255 profecto
1575 2170 1635 2254 4)
1650 2221 1669 2250 ‚
1710 2173 1923 2234 Irenen
1964 2174 2094 2233 adit
2124 2172 2289 2232 illius
2322 2191 2480 2231 uxo·-

321 2274 473 2331 rem,
510 2257 720 2317 recenti
750 2258 859 2319 filii
885 2268 1083 2320 morte
1113 2259 1420 2320 afflictam.
1503 2258 1654 2320 Eam
1682 2259 1912 2321 cladem
1935 2257 2157 2319 erroris
2184 2277 2295 2339 per
2325 2257 2482 2316 Can·

323 2300 645 2402 tacuiaenum
666 2344 987 2423 grassantis
1034 2345 1304 2406 fructum
1339 2364 1470 2407 esse
1505 2344 1789 2424 affirmat,
1833 2354 1895 2406 et
1928 2343 2109 2404 fidem
2136 2343 2304 2405 facit.
2388 2341 2481 2402 Ita

313 2446 435 2487 suas
453 2437 639 2509 partes
668 2429 965 2511 Augustae
985 2431 1333 2513 patrocinio
1361 2430 1629 2495 roborat.
1696 2431 1783 2492 Ea
1811 2451 1878 2493 re
1903 2430 2111 2492 audita
2138 2428 2477 2506 Palamitae,

304 2532 369 2572 ac
408 2512 686 2596 inprimis,
709 2517 983 2578 Isidorus
1016 2517 1389 2599 patriarcha,
1431 2519 1510 2579 ad
1535 2518 1753 2579 Irenen
1783 2518 2108 2595 accedunt,
2151 2516 2356 2598 eique,
2404 2524 2479 2576 ut

299 2597 368 2658 ab
418 2601 576 2662 omni
625 2621 764 2662 cum
795 2603 1060 2680 Gregora
1085 2604 1521 2665 consuetudine
1565 2603 1889 2681 abstineat,
1932 2602 2310 2685 persuadere
2303 2621 2481 2662 con-

291 2684 551 2751 tendunt.
635 2688 885 2769 Repulsi
916 2690 1391 2751 Cantacuzenum
1428 2688 1853 2773 Didymou‘cho
1879 2697 2157 2751 evocant.
2238 2687 2359 2748 Hic
2380 2696 2480 2748 tu·

286 2771 534 2834 multum
588 2774 823 2835 veritus
870 2774 1228 2855 Byzantium
1281 2776 1530 2837 advolat
1578 2784 1639 2835 et
1679 2775 1983 2855 litigantes
2025 2773 2274 2835 arcessit
2287 2817 2308 2853 ‚
2360 2772 2480 2833 Isi-

286 2855 493 2918 dorum
533 2878 754 2940 nempe
790 2868 852 2921 et
898 2862 1240 2942 Gregoram.
1324 2862 1534 2924 Multis
1579 2862 1747 2921 ultro
1790 2861 2066 2941 citroque
2104 2858 2478 2921 sermonibus

278 2938 524 3026 habitis,
565 2944 831 3026 pervicit
867 2945 1161 3027 Gregoras
1176 2992 1197 3026 ,
1238 2955 1310 3008 ut
1336 2946 1557 3008 Isidori
1591 2948 1890 3026 canones,
1934 2966 2042 3007 seu
2077 2944 2479 3026 Hymnodiae,

275 3013 407 3107 igne
442 3029 829 3108 delerentur,
871 3052 945 3091 ac
982 3042 1058 3093 ut
1079 3034 1373 3115 loquendi
1398 3033 1787 3095 libertatem'
1767 3033 1813 3091 ιι
1848 3031 2220 3113 reciperent,
2263 3028 2479 3108 quibus

275 3112 549 3196 adempta
608 3125 777 3180 esset.
859 3117 971 3179 His
1015 3118 1456 3181 conditionibus
1495 3120 1566 3180 in
1621 3118 2008 3180 concordiam
2057 3114 2323 3177 reditum
2367 3121 2479 3188 est,

271 3208 329 3260 et
362 3209 732 3283 sumptuoso
775 3203 1060 3265 convivio
1096 3206 1325 3266 sancita
1367 3225 1507 3287 pax.
1594 3204 1713 3263 Sed
1737 3222 1838 3262 eae
1866 3201 2107 3282 quidem
2136 3198 2396 3260 breves
2376 3219 2480 3259 m-

272 3281 491 3346 duciae
516 3287 788 3351 fuerunt.
871 3289 1021 3350 Nam
1047 3291 1332 3369 Palamas,
1374 3290 1536 3371 quod
1561 3289 1654 3349 illi
1680 3287 1983 3368 colloquio
2010 3305 2292 3368 praesens
2313 3283 2480 3345 haud

264 3369 679 3450 interfuisset,
737 3373 1161 3455 Didymoticho
1199 3377 1592 3458 postmodum
1642 3374 1906 3448 accitus,
1959 3372 2097 3434 lites
2139 3371 2477 3434 renovavit.

264 3454 659 3540 Disputatum
682 3478 897 3520 rursus
921 3461 1087 3542 apud
1118 3461 1546 3545 Imperatorem
1571 3459 1701 3522 acri
1723 3459 2107 3522 contentione
2120 3502 2141 3538 ‚
2180 3459 2352 3518 nullo
2373 3477 2479 3516 au-

260 3549 383 3603 tun
414 3562 727 3607 successu.
816 3546 905 3607 De
931 3555 1077 3620 toto
1110 3547 1221 3609 illo
1259 3548 1501 3628 negotio
1529 3547 1711 3629 plura
1734 3546 1892 3607 scire
1919 3546 2028 3627 qui
2056 3545 2393 3619 voluerint,
2432 3542 2479 3602 ii

264 3627 650 3708 Gregoram
628 3650 827 3711 ipsum
852 3631 1086 3711 adeant,
1127 3632 1430 3696 Historiae
1464 3633 1622 3694 libro
1652 3653 1765 3696 xv.
1794 3632 1938 3713 Gap.
1967 3651 2031 3692 v.

436 3729 699 3792 Biennio
745 3734 870 3795 fere
908 3744 1232 3816 postquam
1277 3736 1428 3797 haec
1468 3744 1630 3816 gesta
1672 3744 1858 3805 sunt,
1906 3733 2018 3795 sub
2071 3735 2303 3795 exitum
2336 3728 2480 3794 anni

258 3832 607 3893 stcccxux,
642 3816 807 3879 obiit
826 3820 1527 3904 Constantinopolitanae
1558 3819 1902 3903 patriarcha
1938 3820 2224 3885 Isidorus.
2313 3820 2481 3880 Can-

259 3910 600 3962 tacuzenus
640 3901 976 3986 Imperator
1013 3916 1078 3968 et
1108 3907 1284 3969 Irene
1309 3908 1577 3988 Augusta
1609 3908 1932 4005 Gregorae·
1940 3906 2209 3967 animum
2235 3905 2482 3966 blandi-

256 3987 401 4064 tiis,
444 3987 795 4069 promissis,
836 3992 1295 4073 largitionibus,
1340 3995 1596 4074 aliisque
1637 3993 1868 4054 artibus
1910 3991 2030 4053 iam
2073 4011 2248 4074 saepe
2276 4001 2480 4053 tenta-

260 4080 431 4151 tum,
478 4071 659 4134 etiam
696 4076 1086 4175 patriarchali
1115 4080 1404 4160 dignitate
1445 4087 1740 4140 ostentata
1781 4075 2024 4138 flectere
2072 4083 2134 4138 et
2161 4079 2278 4140 sibi
2303 4100 2481 4138 man-

262 4157 478 4241 cipare
518 4160 728 4224 conati
766 4174 929 4227 sunt.
1017 4166 1306 4247 Gregoras
1329 4175 1402 4228 ut
1430 4164 1785 4227 sententiam
1813 4173 2076 4225 mutaret
2102 4165 2326 4228 adduci
2352 4185 2481 4226 non

334 4341 948 4411 nhc-noceant.
981 4349 1433 4407 mmseFebruar.
1568 4349 1635 4419 2)
1680 4349 1845 4420 Greg.
1874 4349 2015 4405 Hist.
2051 4349 2141 4405 lib.
2178 4366 2292 4404 xix·
2340 4368 2392 4407 c.
2429 4352 2478 4406 1.

408 4412 626 4472 tedui-
728 4415 1231 4488 &Lib-memb
1336 4419 2442 4493 4)A...O.ncomvnautumnoexeuute
