3094 4876
554 357 699 409 1101!
1002 344 1473 423 NICEBHORI
1519 346 2001 417 GREGORAE
2042 348 2291 419 VITA.

557 527 716 586 rem,
756 516 813 565 et
841 505 1003 566 alios
1028 502 1277 586 quidem
1316 507 1585 568 vinculis
1620 510 1901 585 coerceri,
1945 508 2106 567 aiios
2129 496 2409 589 emiare3
2449 511 2612 570 aiios
2645 506 2758 572 de—

558 596 740 673 nique
759 594 937 670 fame
981 592 1252 652 violenta
1291 604 1348 652 et
1384 593 1684 652 bonorum
1721 591 2101 673 ademptione
2130 592 2311 676 adigi
2346 593 2439 653 ad
2458 598 2756 677 genufle-

556 675 841 739 ctendum
865 698 1073 736 coram
1096 676 1263 737 idolo
1291 679 1499 755 BaaI3
1543 679 1720 739 salus
1749 690 1956 738 autem
1994 679 2177 739 nulla
2208 693 2542 760 appareret.
2625 685 2756 742 His

558 776 695 823 tum
727 763 1198 845 cogitationibus
1217 764 1442 843 plenus
1464 764 1885 844 illacrymavi,
1929 776 1986 824 et
2014 767 2226 824 multis
2239 767 2524 846 precibus
2549 769 2757 827 Deum

558 852 753 911 oravi.
841 846 1082 910 Deinde
1123 870 1262 910 cum
1302 847 1685 929 resedissem,
1728 862 1789 909 et
1829 853 2026 931 capiti
2075 848 2350 911 dextram
2388 857 2757 932 supposuis-

555 957 715 1011 sem,
761 935 884 995 levi
906 956 1117 995 somno
1143 946 1452 1016 correptas
1484 957 1658 1012 sum3
1703 957 1780 995 ac
1806 937 1964 997 mibi
1996 939 2068 994 in
2092 940 2320 996 somnis
2340 941 2582 997 amicus
2612 941 2758 1019 qui-

558 1019 710 1081 dam
744 1024 916 1082 visus
961 1032 1166 1082 astare
1179 1066 1198 1098 ,
1247 1033 1305 1080 et
1348 1042 1459 1082 ave
1499 1019 1725 1097 dicere,
1771 1033 1953 1103 atque
1991 1033 2065 1081 ut
2089 1045 2164 1082 ne
2193 1025 2471 1082 animum
2499 1022 2757 1103 despon-

557 1104 757 1167 darem
780 1107 1041 1167 hortari.
1082 1110 1333 1186 „Deum
1353 1109 1635 1188 quippe,’'
1666 1110 1888 1188 inquit,
1912 1111 2140 1186 „cuius
2182 1129 2374 1169 causa
2396 1108 2510 1167 lios
2520 1109 2762 1169 labores

541 1194 798 1273 fortiter
822 1193 1062 1257 {toleras
1076 1237 1096 1270 ,
1134 1196 1628 1273 potentissimum
1668 1191 1854 1253 habes
1905 1191 2269 1254 adiutorem.
2368 1194 2587 1275 Itaque
2643 1194 2764 1255 lios

554 1299 731 1341 verae
768 1275 952 1338 Fidei
980 1290 1394 1360 persecutores
1407 1325 1426 1358 ,
1469 1301 1595 1339 non
1622 1300 1696 1339 ea
1740 1280 1940 1339 solum
1983 1301 2146 1359 quae
2183 1280 2358 1341 vobis
2394 1282 2762 1359 intulerunt,

552 1362 666 1422 sed
715 1365 892 1446 longe
938 1367 1243 1445 graviora
1291 1366 1466 1424 mala
1510 1366 1876 1445 perfermtes
1916 1363 2153 1424 videbis
2205 1386 2331 1424 non
2362 1365 2549 1446 longo
2594 1376 2762 1445 post.

555 1450 725 1510 Nam
757 1461 814 1509 et
842 1450 1183 1530 Imperator
1196 1449 1600 1532 patriarchae
1624 1461 1682 1508 et
1708 1453 2024 1529 episcopis,
2068 1461 2126 1509 et
2151 1452 2419 1529 episcopi
2455 1451 2580 1509 sibi
2603 1454 2764 1513 invi.

551 1555 678 1601 cem
731 1533 985 1597 evadent
1026 1538 1305 1612 inimici3
1363 1539 1608 1615 utrique
1654 1546 2052 1615 utrorumque
2094 1534 2663 1608 anathematismis,
2704 1545 2766 1594 et

553 1623 691 1680 suis
721 1624 1035 1702 propriis,
1080 1621 1325 1682 obnoxii
1365 1621 1740 1681 tenebuntur.
1825 1624 1963 1681 Sua
2002 1618 2138 1680 sede
2170 1619 2596 1679 exturbabitur
2626 1638 2764 1698 pa-

553 1706 866 1765 triarcba.-
910 1708 979 1766 in
1009 1709 1144 1767 eius
1177 1708 1384 1768 locum
1420 1709 1703 1766 intrusus
1732 1705 1905 1766 alius
1929 1703 2203 1765 succedet
2217 1728 2238 1765 .·
2284 1716 2472 1785 atque
2494 1705 2599 1764 hic
2631 1706 2766 1784 ipse

554 1811 694 1850 mox
732 1792 992 1851 similem
1015 1794 1354 1869 fortunam
1388 1796 1740 1873 experietur.
1841 1793 2178 1871 Imperator
2227 1812 2367 1853 vero
2420 1802 2478 1849 et
2515 1810 2766 1850 sumnus

541 1886 846 1956 potestate
871 1876 1131 1954 excidet,-
1192 1890 1250 1937 et
1300 1879 1615 1958 afficietur
1656 1880 1853 1939 variis
1900 1878 2276 1958 ignominiis.
2360 1874 2526 1935 Ante
2554 1886 2766 1935 autem

552 1982 746 2042 quam
777 1962 930 2022 haec
949 1963 1123 2044 fiant
1162 1965 1501 2042 Palam-as,
1534 1974 1752 2044 captus
1786 1983 1830 2022 a
1863 1962 2181 2042 barbaris,
2224 1983 2345 2022 non
2366 1960 2547 2020 modo
2582 1981 2765 2020 acer-

553 2046 843 2126 bis-sima,
887 2047 1000 2108 sed
1036 2060 1094 2107 et
1115 2053 1479 2129 turpissima
1503 2066 1815 2130 passurus
1849 2059 1958 2109 est.
2039 2049 2327 2128 Plerique
2341 2050 2485 2106 item
2531 2048 2767 2126 episco-

545 2148 796 2213 porum,
840 2135 1145 2195 Romanis
1162 2137 1508 2216 provinciis
1531 2136 1794 2196 violento
1817 2144 2012 2193 terrae
2042 2144 2213 2193 motu
2246 2135 2577 2207 concussis,
2625 2150 2764 2191 cum

554 2221 713 2297 ipsis
734 2220 1186 2300 episcopatibus
1226 2232 1286 2279 et
1332 2220 1619 2279 domibus
1660 2231 1716 2278 et
1745 2222 1979 2278 civium
1992 2210 2201 2298 plenis
2220 2218 2478 2277 urbibus
2495 2262 2513 2294 ,
2559 2214 2771 2275 obruti

553 2304 952 2382 sepelientur.-
994 2326 1181 2384 eaque
1217 2306 1351 2363 illis
1394 2307 1569 2363 iusta
1606 2302 1941 2363 sacerdotii
1964 2303 2289 2383 abrogatio
2329 2301 2640 2363 divinitus
2668 2322 2773 2359 re-

543 2385 853 2467 pendetur
868 2432 887 2466 ,
932 2409 998 2447 eo
1044 2385 1215 2469 quod
1241 2390 1368 2469 ipsi
1407 2390 1709 2469 episcopis
1759 2398 1817 2446 et
1832 2387 2231 2467 presbyteris,
2274 2387 2542 2468 aliisque
2569 2384 2774 2445 doctis

552 2483 612 2530 et
639 2476 793 2553 pari
826 2476 1060 2553 pietate
1094 2474 1453 2554 insignibus
1484 2477 1643 2535 viris
1657 2519 1675 2550 ,
1722 2477 1836 2553 qui
1868 2493 1988 2554 pro
2025 2493 2175 2534 vera
2215 2472 2512 2551 religione
2546 2471 2774 2532 bonum

549 2569 853 2618 certamen
899 2570 1306 2636 certaverant,
1350 2580 1505 2618 suas
1532 2557 1875 2640 dignitates
1913 2557 2406 2638 abrogaverant?
2489 2557 2659 2618 Haec
2698 2557 2773 2632 si,

549 2651 627 2703 ut
653 2643 814 2724 apud
843 2642 1229 2704 Philotheum
1261 2653 1473 2705 extant
1486 2690 1505 2722 ‚
1546 2645 1637 2705 ita
1671 2664 1707 2704 a
1738 2645 2003 2724 Gregora
2044 2653 2362 2723 antequam
2402 2662 2502 2703 res
2528 2640 2774 2704 evenis-

550 2736 688 2788 sent
725 2730 1127 2808 pronunciata
1148 2739 1293 2790 sunt
1323 2725 1419 2812 (id
1448 2729 1613 2810 quod
1639 2728 1874 2790 creditu
1896 2729 2146 2791 difficile
2172 2729 2357 2789 immo
2382 2748 2640 2809 prorsus
2667 2727 2774 2786 in·-

549 2812 833 2875 credibile
845 2813 982 2897 est),
1010 2835 1147 2876 eum
1165 2824 1410 2897 oportet
1436 2814 1732 2877 divinitus
1748 2814 2021 2876 afflatum
2047 2815 2257 2875 futura
2280 2813 2679 2895 praescivisse
2691 2806 2767 2894 1).

560 2897 670 2958 Sin
696 2900 1008 2962 eventibus
1039 2901 1378 2982 posteriora
1398 2946 1417 2978 ,
1457 2902 1729 2982 perfecto
1771 2900 1893 2960 ism
1918 2901 2088 2981 operi
2111 2901 2185 2961 ab
2207 2901 2345 2982 ipso
2380 2910 2636 2986 auctore
2674 2916 2774 2956 as-

547 2992 687 3044 suta
714 2985 999 3064 fuerunt,
1039 3007 1177 3047 eum
1201 3007 1415 3048 rursus
1452 3005 1693 3048 necesse
1726 2995 1850 3065 est,
1894 3006 2033 3047 cum
2059 2985 2211 3046 haec
2245 2984 2576 3061 scriberet,
2619 2980 2773 3043 sim-

546 3069 878 3150 pliciorum
921 3070 1237 3133 hominum
1276 3071 1620 3134 credulitati
1644 3071 1907 3132 voluisse
1935 3071 2211 3136 illudere.
2298 3071 2497 3132 Porro
2525 3068 2646 3129 hoc
2671 3064 2770 3126 vi-

551 3153 730 3214 detur
746 3156 820 3216 ab
836 3157 1076 3237 ingenio
1101 3168 1161 3219 et
1172 3158 1441 3219 moribus
1468 3159 1596 3218 eius
1627 3157 1746 3219 viri
1770 3158 2050 3218 alienum.
2101 3157 2312 3238 Itaque
2337 3156 2519 3216 istius
2543 3147 2774 3214 fraudis

555 3238 784 3298 crimen
827 3241 895 3300 in
946 3243 1264 3304 Palamitas
1322 3243 1498 3304 reiici
1536 3245 1794 3304 fortasse
1836 3242 2088 3322 aequius
2132 3243 2230 3305 sit.
2315 3241 2568 3304 Minime
2611 3242 2772 3296 certe

553 3324 867 3401 probabile
913 3337 1006 3388 est
1050 3328 1116 3389 id
1149 3330 1473 3407 Gregoram
1502 3330 1728 3389 secisse
1744 3374 1763 3406 ,
1810 3329 1973 3409 quod
2009 3327 2082 3387 ab
2127 3327 2266 3387 aliis
2293 3328 2525 3387 factum
2554 3338 2770 3400 repre-

552 3405 853 3470 henderit.
893 3411 1303 3492 Reprehendit
1325 3423 1526 3474 autem
1562 3415 1632 3475 in
1649 3414 1918 3475 Historia
1942 3412 2006 3490 ²)
2035 3413 2333 3473 Isidorum
2359 3405 2770 3493 patriarcham

551 3495 820 3574 propriis
860 3497 1107 3557 somniis
1157 3499 1457 3558 intentum
1504 3508 1685 3580 atque
1722 3520 1799 3561 ex
1827 3500 1902 3558 iis
1930 3499 2134 3559 futura
2164 3507 2582 3577 augurantem:
2628 3508 2768 3584 caq-

553 3586 827 3639 tororum
843 3581 1265 3643 Palamitarum
1282 3584 1540 3645 visiones
1559 3595 1889 3646 nocturnas
1909 3585 2155 3646 Diabolo
2189 3594 2252 3644 et
2278 3583 2554 3663 crapulae
2582 3594 2768 3667 naen:-

550 3662 645 3722 bit
671 3662 760 3747 3);
802 3667 1025 3746 passim
1055 3668 1318 3749 denique
1344 3672 1695 3751 astrologos,
1739 3670 2004 3731 hariolos
2023 3716 2041 3747 ,
2089 3679 2151 3729 et
2181 3689 2282 3729 eos
2315 3670 2423 3748 qui
2453 3656 2768 3725 divinauch

553 3758 743 3810 artem
780 3753 1111 3831 quamlibet
1141 3756 1571 3835 profiteantur,
1615 3757 1874 3836 exagitat
1902 3778 1974 3817 ac
2006 3754 2241 3817 deridet
2266 3749 2348 3839 4).
2381 3813 2386 3816 ,

725 3835 862 3910 Quo
893 3848 1164 3920 tempore
1204 3851 1264 3902 et
1305 3841 1414 3901 ubi
1456 3852 1519 3903 et
1562 3863 1679 3923 qua
1723 3844 1963 3903 tandem
1989 3849 2181 3901 morte
2212 3841 2508 3917 Gregoras
2550 3845 2764 3923 supr?-

554 3939 718 3979 mum
774 3923 932 3983 diem
982 3926 1268 3988 clauserit
1288 3973 1308 4005 ,
1368 3928 1642 3989 nondum
1679 3927 1829 3989 mihi
1874 3937 2252 4008 compertum
2289 3934 2395 3983 est.
2495 3917 2764 3977 Historm

554 4004 794 4084 quidem
823 4008 949 4068 eius
987 4011 1323 4092 Byzantina
1358 4014 1435 4074 ad
1465 4034 1690 4074 annum
1717 4013 1940 4074 Christi
1964 4031 2244 4073 sacceum
2270 4010 2578 4068 ineuntem
2613 4016 2763 4078 pro-

625 4155 1109 4297 ¹³..132‘20222‘ffzzt‚
1129 4162 2511 4288 flmmeumvtea‘fflmstsmmsffl.
2524 4160 2761 4271 2020331

688 4294 754 4361 2)
801 4294 944 4377 Eiet.
996 4297 1089 4352 lib.
1125 4317 1284 4356 xvm.
1322 4321 1367 4355 c.
1408 4307 1456 4359 1.
1607 4303 1674 4372 8)
1717 4303 1837 4360 Lib.
1870 4317 1987 4356 xxx.
2034 4318 2085 4359 c.
2118 4299 2213 4357 ult.
2247 4298 2364 4354 Lib.
2399 4308 2530 4348 XXV·
2582 4304 2632 4340 ⁰·
2665 4279 2756 4334 ¹⁸¹⁸·

688 4360 754 4431 4)
792 4363 910 4419 Lib.
949 4381 1029 4422 xx.
1062 4387 1114 4427 c.
1147 4373 1231 4428 11.
1278 4369 1398 4427 Lib.
1434 4388 1554 4427 xiv.
1589 4389 1636 4427 c.
1668 4374 1722 4429 8.
1758 4378 1862 4429 etc.
