3094 4876
571 316 724 392 494
1183 322 1657 395 NICEPHORI
1697 314 2195 399 GREGORAE'

328 508 389 560 Δ.
413 505 484 558 Μ.
572 494 807 583 πρέπῃς
821 540 844 576 ,
899 486 986 569 ὦς
1015 492 1080 558 ἓν
1117 500 1249 568 τοῖς
1270 485 1562 577 χρώμασι
1593 486 1890 579 πορφῦρα
1919 488 2035 557 κᾶν
2062 484 2195 567 τοῖς
2230 480 2526 578 ἅστράσιν
2568 490 2766 576 ἥλιος.

338 576 480 693 ⁶335
575 599 719 686 φίρε
755 597 961 663 τοίνυν
1000 592 1234 671 ἀπόδος
1275 595 1388 679 τὴν
1417 600 1529 677 τῆς
1554 590 1832 681 γλώττης
1866 590 2103 681 ἡμέραν
2138 604 2280 671 ταῖς
2314 601 2436 661 τῶν
2473 591 2776 680 ὖπηκόων

341 709 479 766 6849
571 701 818 780 ἀκοαῖς,
871 699 987 783 τὴν
1018 705 1146 764 τῶν
1180 697 1533 784 ὀφθαλμῶν
1561 694 1769 763 εὗδίαν
1798 703 1875 783 τῇ
1901 703 2025 763 τῶν
2050 693 2362 784 ἡμετέρων
2394 696 2602 780 ὄψεων
2628 697 2772 780 ὁμί-

232 784 701 902 Ῑωιῑζηῖἒὲῗὼχλῃ.
759 803 1164 869 διασκίδασον
1202 797 1380 885 ἡμῶν
1414 806 1527 884 τῆς
1553 807 1764 884 ψυχῆς
1795 801 1905 866 τὸν
1940 806 2216 885 χειμῶνα
2254 810 2395 876 ταῖς
2421 799 2625 865 ἀκτῖσι
2656 806 2773 883 τῆς

328 919 391 972 P.
426 916 532 974 304
567 913 679 991 σῆς
719 902 1101 990 ἱλαρότητος.
1163 911 1396 991 χρῆσαι
1449 909 1528 989 τῇ
1578 900 1760 991 ἑορτῇ
1807 910 1922 969 τοῦ
1972 900 2289 987 συνήθους
2341 905 2444 968 καὶ
2493 908 2815 988 γαληνοῦὸ

557 1008 978 1094 μειδιάματος.
1021 1014 1225 1092 -γενοῢ
1260 1012 1446 1073 πᾶσιν
1478 1006 1820 1092 ἀρχέτυπον
1836 1055 1857 1088 ,
1916 1004 2116 1092 ὥσπερ
2146 1008 2210 1071 ἐν
2241 1015 2372 1082 τοῖς
2409 1005 2626 1083 ἄλλοις
2653 1033 2763 1070 κα-

559 1120 727 1193 λοῖς,
785 1110 948 1177 οὕτω
992 1110 1108 1175 κάν
1146 1117 1224 1197 τῇ
1263 1115 1388 1175 τῶν
1430 1111 1643 1175 δεινῶν
1679 1111 1986 1199 καρτερίᾳ.
2041 1105 2215 1193 ἡμεῖς
2246 1111 2447 1175 δὲκαὶ
2476 1116 2608 1175 τῶν
2628 1105 2770 1173 Ἑλ-

560 1214 762 1298 λήνων
805 1214 968 1280 ἔστιν
999 1212 1109 1290 οὓς
1154 1211 1478 1289 ἀκούοντες
1520 1213 1585 1278 ἓν
1624 1209 1822 1300 ταύτῃ
1859 1210 2133 1294 μάλιστα
2169 1213 2776 1299 φιλοτιμησαμένους

562 1316 994 1401 αἰσχυνοίμεθ’
1039 1315 1150 1397 ἂν,
1208 1320 1261 1381 εἰ
1305 1327 1434 1393 τοῖς
1468 1316 1583 1398 μὲν
1627 1314 1835 1391 ἄλλοις
1879 1314 2108 1381 ἅπασιν
2149 1313 2550 1402 ἆριστεέμασι
2597 1320 2775 1380 πλεῖ-

560 1447 713 1489 στον
750 1423 988 1486 ἐκείνων
1018 1417 1391 1504 διενεγκόντα
1419 1415 1877 1504 πλουτήσαντες
1923 1419 2185 1502 βασιλέα
2234 1419 2300 1484 ἓν
2334 1416 2537 1506 τούτῳ
2581 1414 2763 1506 μόνῳ
2789 1436 2863 1489 10

557 1525 641 1590 τὰ
678 1521 932 1609 δεύτερα
976 1523 1244 1610 φέροντα
1277 1521 1623 1606 βλέποιμεν.
1697 1521 1883 1587 ταῦτ’
1917 1520 2043 1607 ἄρα
2070 1524 2172 1586 καὶ
2206 1522 2278 1587 τὸ
2308 1528 2420 1586 τοῦ
2444 1520 2769 1604 Ἀχιλλέως

563 1628 789 1693 ἐκείνου
823 1628 958 1712 περὶ
988 1626 1100 1702 τὰς
1128 1623 1324 1701 λύπας
1352 1614 1706 1708 ἦττῶμενον
1734 1618 1899 1710 ἦθος
1933 1622 2437 1712 ἀποτριψάμενος
2460 1626 2559 1689 καὶ
2602 1620 2765 1708 πρός

507 1743 628 1817 Byr
658 1729 734 1813 δὴ
761 1736 875 1795 τοῦ
906 1726 1276 1805 Μακεδόνος
1312 1724 1716 1815 Ἀλεξάνδρου
1745 1730 2011 1811 μίμησαι
2049 1726 2288 1794 τούτων
2316 1728 2386 1793 τὸ
2427 1724 2763 1814 σταθερόν.

558 1838 824 1919 μίμησαι
850 1831 995 1909 τοὺς
1023 1832 1371 1921 Περσικοὺς
1402 1834 1697 1910 βασιλέας
1722 1857 1786 1896 τε
1819 1833 1921 1895 καὶ
1950 1827 2308 1916 σατράπας,
2362 1826 2579 1896 ὃπόσοι
2609 1828 2773 1917 πρὸς

558 1938 677 2012 τὰς
721 1932 1093 2012 ἀντιπάλους
1132 1933 1323 2020 τύχας
1352 1935 1530 2001 οὐδὲν
1563 1934 1803 2020 ἀγεννὲς
1827 1930 2262 2020 ἐπεπράχεσαν.
2316 1935 2585 2016 μίμησαι
2615 1932 2768 2008 τοὺς
2789 1948 2860 2004 15

561 2038 754 2105 πάλαι
789 2035 1106 2121 Ῥωμαίων
1148 2035 1425 2117 ὑπάτους
1454 2040 1556 2103 καὶ
1584 2040 1948 2123 Καίσαρας,
2007 2038 2076 2102 οἳ
2114 2037 2439 2111 καὶαύτοὶ
2480 2043 2610 2102 τῶν
2649 2042 2768 2100 τοῦ

551 2140 785 2230 χρόνου
805 2145 1017 2208 δεινῶν
1041 2139 1522 2217 ἀπολελαυκότες
1543 2143 1641 2206 ἐπὶ
1668 2147 1780 2207 τοῦ
1811 2136 2128 2223 συνήθους
2154 2137 2557 2229 φρονήματος
2582 2141 2770 2226 ἐκαρ-

559 2247 845 2332 τέρησαν.
916 2234 1036 2310 καῖ
1057 2249 1126 2310 τί
1160 2248 1260 2310 δεῖ
1300 2242 1813 2332 παραδειγμάτων
1857 2243 2193 2330 ἀλλοτρίων
2207 2272 2231 2326 ,·
2293 2246 2560 2327 μίμησαι
2607 2265 2771 2307 σαυ-

502 2349 669 2418 Οτὸν
685 2399 707 2431 ,
756 2344 967 2424 ὁποῖος
1004 2346 1297 2425 πολλάκις
1328 2345 1558 2435 ἐφάνης
1587 2350 1650 2412 ἐν
1683 2357 1814 2424 τοῖς
1846 2344 2063 2412 ἄλλοτε
2103 2345 2311 2423 ἄλλοις
2342 2346 2785 2412 ε’πεισπεσοῦσί

561 2478 660 2518 σοι
705 2458 1033 2539 λυπηροῖς·
1110 2459 1245 2528 πῶς
1294 2457 1528 2517 πολλοῦ
1572 2448 1965 2535 πολλαχόθεν
2022 2447 2315 2525 πολλάκις
2355 2449 2861 2531 ἅναζέσαντοςΞΟ

558 2554 869 2630 κλύδωνος
901 2551 1238 2638 ἀκλόνητον
1267 2556 1368 2618 καὶ
1394 2551 1703 2639 ἀήττητον
1733 2552 2098 2641 διετήρησας
2125 2553 2237 2639 τὴν
2262 2553 2509 2638 ψυχὴν,
2559 2550 2773 2640 ὥσπερ

559 2657 620 2723 οἳ
664 2664 933 2739 βαθεῖαν
965 2654 1213 2740 ἄγοντες
1244 2653 1503 2741 ἡσυχίαν
1513 2684 1539 2742 ,-
1593 2663 1726 2732 πῶς
1754 2654 2049 2733 πολλάκις
2076 2662 2201 2723 τῶν
2233 2652 2523 2740 ὖπηκόων
2555 2641 2773 2744 ἆμαρ-

556 2757 884 2844 τημάτων,
956 2761 1129 2844 δίκην
1184 2759 1562 2846 ἀπαρκτίου,
1624 2757 1738 2843 τὴν
1777 2766 1890 2826 τοῦ
1948 2765 2160 2843 θυμοῦ
2210 2756 2414 2847 ῥύμην
2457 2761 2542 2837 εἰς
2583 2758 2773 2845 ὄγκον

558 2860 848 2947 κυμάτων
877 2863 1115 2949 ἐγείρειν
1145 2860 1487 2928 ἐθελόντων
1516 2860 1630 2946 οὐχ
1656 2858 1938 2947 ἡττήθης
1964 2860 2209 2929 πώποτε
2227 2883 2243 2900 ·
2296 2862 2458 2931 ἀλλὰ
2486 2860 2768 2949 γενναιό-

502 2977 701 3052 Βτητι
742 2963 1054 3054 χρώμενος
1094 2969 1197 3032 καὶ
1230 2967 1463 3032 συνέσει
1498 2972 1707 3050 ψυχῆς
1733 2964 1869 3031 ἀντὶ
1910 2971 2025 3031 τοῦ
2067 2963 2338 3048 κολάζειν
2365 2965 2516 3044 τοὺς
2550 2961 2855 3054 ἆμαρ-25

696 3077 778 3133 16.
825 3078 921 3133 καὶ
954 3085 1074 3135 ante
1109 3079 1268 3134 Καίσ.
1306 3096 1402 3133 om.
1440 3080 1501 3132 A.
1655 3080 1742 3134 20.
1789 3095 1879 3133 σοι
1913 3096 2010 3131 om.
2051 3079 2112 3131 A.

595 3182 790 3234 urpura
817 3173 873 3218 et
891 3165 969 3218 sol
989 3166 1124 3219 inter
1150 3165 1338 3220 sidera.
1408 3166 1520 3233 Age
1547 3181 1672 3219 vero
1711 3166 1928 3219 restitue
1960 3174 2157 3218 tuorum
2176 3164 2387 3219 auribus
2412 3163 2661 3218 sermonis
2684 3163 2768 3217 tui

555 3181 708 3298 giem,
734 3236 986 3288 oculorum
1000 3236 1324 3289 serenitatem
1342 3234 1568 3287 vultuum
1584 3242 1867 3288 nostrorum
1885 3234 2113 3302 caligini.
2147 3234 2362 3287 Discute
2377 3235 2654 3287 animorum
2668 3251 2768 3286 no·
2820 3285 2831 3298 ,

554 3312 775 3357 strorum
799 3313 1152 3374 tempestatem
1179 3305 1457 3358 hilaritatis
1489 3312 1613 3356 tuae
1634 3304 1814 3357 radiis.
1886 3305 2046 3356 Utere
2068 3302 2356 3356 festivitate
2379 3303 2520 3358 soliti
2538 3311 2594 3356 et
2619 3309 2768 3357 tran-

554 3371 702 3441 quilli
733 3373 882 3425 risus.
970 3375 1221 3427 Omnibus
1260 3372 1516 3442 exemplar
1552 3381 1694 3438 esto,
1751 3379 1810 3426 ut
1851 3372 2061 3425 aliorum
2107 3374 2346 3425 bonorum
2387 3373 2636 3437 omnium,
2684 3371 2765 3425 ita

554 3440 710 3493 etiam
746 3442 1050 3497 tolerantiae
1086 3444 1345 3496 malorum.
1414 3442 1530 3496 Nos
1568 3459 1723 3506 vero,
1771 3459 1883 3495 cum
1919 3442 2149 3494 Graecos
2191 3442 2455 3496 nonnullos
2495 3459 2559 3494 ea
2601 3439 2763 3494 valde

553 3509 803 3577 gloriatos
828 3509 1119 3576 audiamus,
1154 3511 1540 3576 erubescemus,
1576 3511 1692 3563 aliis
1725 3511 1956 3564 omnibus
1985 3510 2267 3564 virtutibus
2296 3510 2449 3580 longe
2484 3519 2765 3581 praestan-

553 3579 736 3631 tiorem
767 3579 1129 3648 Imperatorem
1151 3581 1318 3646 nacti,
1364 3596 1467 3633 una
1506 3581 1604 3633 hac
1630 3597 1689 3632 re
1724 3581 1862 3634 illum
1899 3579 2152 3651 superari.
2219 3579 2558 3651 Quapropter
2580 3577 2763 3633 Achil-

548 3646 616 3701 lis
641 3653 696 3699 et
723 3647 1000 3702 Alexandri
1028 3650 1162 3703 illius
1185 3648 1484 3703 Macedonis
1518 3648 1728 3702 mollitie
1768 3649 1823 3702 in
1860 3650 2038 3702 dolore
2074 3650 2286 3702 ferendo
2324 3648 2600 3720 repudiata
2634 3664 2763 3701 con-

549 3716 790 3771 stantiam
812 3734 987 3771 eorum
1012 3718 1228 3774 imitare.
1298 3718 1538 3771 Persicos
1563 3733 1715 3787 reges
1745 3727 1798 3772 et
1833 3725 2069 3789 satrapas
2093 3719 2321 3783 imitare,
2374 3719 2465 3788 qui
2502 3718 2762 3771 adversae

550 3785 793 3839 fortunae
816 3804 914 3839 non
942 3796 1239 3853 cesserunt,
1274 3787 1367 3841 sed
1394 3788 1605 3841 fortiter
1630 3788 1945 3842 restiterunt.
2014 3787 2220 3840 Imitare
2255 3797 2462 3841 veteres
2497 3786 2764 3840 Romano-

550 3870 660 3908 rum
690 3855 940 3909 Consules
963 3863 1019 3911 et
1046 3860 1326 3920 Caesares,
1361 3858 1452 3927 qui
1479 3863 1535 3910 et
1561 3857 1664 3928 ipsi
1690 3865 1970 3926 temporum
2002 3858 2205 3927 iniquas
2245 3856 2388 3909 vices
2417 3857 2621 3927 experti
2666 3873 2765 3908 ve-

550 3930 712 3978 terem
739 3925 890 3979 animi
913 3929 1251 3980 constantiam
1274 3931 1565 3980 tenuerunt.
1637 3926 1711 3980 Et
1741 3927 1861 3996 quid
1887 3927 2067 3981 alienis
2091 3925 2332 3996 exemplis
2358 3933 2442 3979 est
2467 3923 2641 3996 opus?
2674 3923 2763 3977 Te

550 3992 718 4074 ipsum
740 3995 972 4061 imitare,
1008 4014 1070 4049 ac
1093 3996 1245 4049 talem
1270 4005 1326 4049 te
1353 3996 1599 4066 praebeto
1616 4034 1633 4062 ,
1670 3997 1837 4066 qualis
1858 3997 2076 4049 antehac
2112 3995 2168 4048 in
2192 3995 2355 4047 variis
2377 3995 2586 4048 casibus
2620 3994 2763 4046 exti-

549 4062 682 4114 usti.
753 4064 970 4126 Quoties
991 4066 1047 4118 in
1068 4066 1296 4118 maximis
1335 4065 1727 4135 tempestatibus
1771 4066 2122 4118 inconcussum
2161 4072 2217 4117 et
2251 4063 2498 4118 invictum
2536 4062 2760 4116 animum

551 4133 871 4186 conservasti
888 4171 903 4198 ,
939 4152 1040 4187 non
1062 4134 1212 4188 aliter
1236 4151 1382 4204 quam
1412 4134 1501 4204 qui
1525 4151 1713 4187 summa
1732 4134 2103 4204 tranquillitate
2126 4133 2353 4186 vivunt?
2387 4131 2608 4196 Quoties
2634 4133 2765 4184 sub·

550 4197 772 4253 diturum
803 4211 1006 4255 tuorum
1046 4203 1302 4272 peccatis,
1350 4204 1590 4272 impetum
1630 4203 1784 4255 animi
1824 4203 1901 4255 tui
1933 4203 1986 4255 in
2024 4217 2253 4274 magnam
2292 4203 2539 4256 fluctuum
2572 4201 2760 4255 molem

547 4273 791 4350 tanquam
827 4271 1125 4353 quibusdam
1166 4272 1335 4325 ventis
1350 4272 1588 4325 attollere
1627 4273 1945 4326 certantibus
1962 4313 1977 4340 ,
2034 4287 2353 4341 nequaquam
2391 4271 2605 4324 affectui
2642 4287 2761 4323 ces-

548 4345 697 4402 szsu3
731 4338 824 4393 sed
847 4341 1165 4397 uacuudiam
1192 4350 1363 4407 tuam,
1394 4358 1547 4414 quam
1572 4339 1691 4397 illos
1713 4342 1923 4397 fortiter
1949 4359 2012 4397 ac
2038 4341 2321 4415 prudenter
2344 4340 2605 4412 castigare
2645 4355 2757 4394 ma-
