3094 4876
1060 1084 1858 1164 IO.BOIVINI

755 1273 995 1361 PR
1080 1273 1168 1366 A
1252 1277 1326 1363 E
1417 1274 1491 1364 F
1577 1271 1835 1365 AT
1917 1274 1961 1361 I
2050 1269 2162 1361 Ο.

360 1702 615 1815 Annus
643 1752 750 1815 hic
774 1754 1046 1818 decimus
1072 1767 1316 1839 quartus
1349 1768 1461 1837 est,
1505 1780 1582 1821 ex
1614 1779 1731 1840 quo
1760 1758 2009 1820 Carolus
2037 1754 2396 1834 Ducangius‚
2439 1752 2551 1815 Vir

362 1858 439 1919 de
462 1860 679 1920 litteris
706 1861 1016 1940 praeclare
1044 1862 1309 1940 meritus,
1350 1861 1503 1923 mihi
1526 1871 1737 1923 auctor
1767 1861 1901 1940 fuit,
1949 1870 2021 1922 ut
2042 1858 2368 1941 Nicephori
2400 1858 2551 1919 Gre-

362 1981 537 2041 gorae
572 1962 759 2023 libros
792 1983 903 2023 sex
931 1963 1284 2042 historicos,
1328 1965 1433 2045 qui
1463 1966 1526 2024 in
1554 1956 1919 2025 Bibliotheca
1949 1962 2125 2041 Regia
2153 1946 2551 2040 manuscripfi

365 2074 659 2141 extarent,
669 2064 878 2126 Latine
902 2075 1229 2142 verterem3
1267 2075 1331 2125 ut
1353 2074 1670 2146 postquam
1688 2064 1957 2124 absoluta
1988 2073 2142 2123 esset
2164 2063 2346 2123 editio
2367 2061 2554 2120 Chro-

377 2164 504 2223 nici
530 2164 838 2246 paschalis,
886 2169 987 2228 cui
1008 2169 1114 2229 ille
1140 2188 1385 2228 manum
1416 2177 1741 2227 extremam
1767 2165 2141 2246 imponebat,
2183 2164 2228 2222 ii
2254 2183 2361 2223 sex
2387 2160 2551 2234 libri,

382 2265 458 2324 ad
493 2286 586 2326 eos
615 2289 752 2346 qnos
788 2271 1039 2331 Wolfius
1063 2270 1429 2350 vulgavisset
1456 2269 1745 2342 adiuncti,
1784 2266 1984 2344 Regiis
2009 2265 2170 2347 typis
2200 2263 2551 2324 mandaren-

368 2375 481 2427 tur.
558 2369 732 2430 Eram
770 2381 899 2432 tum
931 2378 1036 2453 ego
1070 2373 1416 2452 colligendis
1447 2370 1679 2432 Libanii
1703 2369 1989 2454 Epistolis
2014 2368 2310 2446 intentus3
2358 2377 2418 2428 et
2441 2368 2552 2427 La·

361 2472 514 2532 tinas
558 2472 679 2533 iam
717 2495 751 2534 e
785 2475 1030 2538 Graecis
1070 2478 1327 2537 feceram
1369 2497 1494 2536 non
1520 2496 1764 2556 paucas.
1848 2473 2017 2534 Senis
2040 2472 2367 2534 doctissimi
2399 2494 2551 2533 con-

363 2573 494 2633 silio
534 2573 811 2637 iuvenem
853 2598 951 2638 me
976 2587 1037 2638 et
1064 2579 1364 2640 novitium
1407 2599 1618 2660 parere
1648 2597 1901 2657 aequum
1928 2575 2065 2635 suit.
2150 2576 2407 2635 Tametsi
2433 2576 2553 2654 igi-

359 2685 463 2737 tur
497 2678 959 2740 amoenitatibus
1001 2688 1061 2740 et
1091 2681 1393 2760 elegantiis
1434 2680 1774 2742 Libanianis
1797 2678 1947 2739 mire
1978 2678 2349 2756 delectabar,
2392 2687 2453 2737 et
2480 2677 2556 2736 ab

357 2779 430 2840 iis
479 2800 653 2860 aegre
694 2781 1106 2861 discedebam,
1145 2795 1347 2844 tamen
1381 2784 1472 2844 illi
1501 2803 1635 2844 sum
1666 2783 2060 2861 obsequutns3
2105 2781 2291 2861 idque
2319 2801 2389 2840 eo
2420 2800 2558 2840 ma-

358 2881 551 2960 xime,
593 2883 759 2962 quod
797 2884 874 2944 ad
909 2884 1105 2965 ipsius
1131 2886 1577 2947 adhortationes
1602 2885 1920 2946 accedebat
1949 2884 2228 2948 voluntas
2260 2882 2556 2943 illustris-

356 2985 499 3045 simi
524 2984 774 3046 Abbatis
809 2988 1076 3048 Omina
1114 2990 1435 3067 Tmeau,
1480 2988 1703 3049 eximia
1728 2988 1933 3048 indole
1959 2985 2318 3066 praestantis
2351 2999 2412 3043 et
2447 3002 2557 3043 su-

352 3109 472 3170 pra
513 3098 767 3150 aetatem
811 3087 979 3150 docti
1013 3089 1438 3170 adolescentis,
1483 3092 1582 3168 cui
1606 3112 1704 3151 me
1723 3100 1785 3152 et
1809 3109 1942 3150 mea
1969 3088 2166 3149 omnia
2195 3086 2396 3146 studia
2437 3105 2556 3146 vo-

350 3211 599 3270 veram,
635 3189 1042 3253 Bibliothecae
1066 3194 1281 3275 Regiae
1301 3195 1613 3274 Praefecto
1629 3237 1648 3271 ,
1691 3200 1872 3272 atque
1898 3181 1979 3258 ,eo
2004 3209 2251 3251 munere
2276 3190 2398 3250 iam
2425 3198 2557 3249 tum

358 3314 487 3354 sese
508 3294 762 3374 dignum
794 3296 1093 3377 probanti.
1173 3297 1295 3359 Hic
1331 3305 1405 3361 ut
1426 3295 1695 3356 laborem
1717 3293 2069 3376 impositum
2097 3292 2391 3354 alacriore
2416 3291 2554 3351 ani-

354 3417 465 3458 mo
488 3397 881 3480 susciperem,
922 3398 1101 3460 etiam
1130 3400 1350 3476 Patris,
1387 3398 1522 3461 Viri
1553 3397 1789 3475 summi,
1831 3396 2253 3457 auctoritatem
2279 3396 2555 3476 interpo-

350 3498 508 3577 suit,
564 3519 696 3560 non
745 3499 891 3561 beni
946 3503 1142 3563 solum
1180 3501 1291 3564 sed
1342 3509 1405 3563 et
1450 3501 1835 3562 scientiarum
1876 3500 2284 3581 bonarumque
2331 3496 2553 3559 artium
2612 3529 2617 3534 ·

358 3623 569 3664 curam
619 3602 1037 3665 demandatam
1062 3627 1096 3664 a
1120 3605 1279 3684 Rege
1308 3614 1458 3666 tunc
1488 3603 1858 3665 sustinentis.

525 3702 635 3765 His
679 3704 965 3786 auspiciis
1008 3707 1087 3767 ad
1137 3707 1326 3769 libros
1362 3708 1661 3786 Gregorae
1709 3703 2196 3786 interpretandos
2247 3721 2555 3783 aggressus

351 3808 515 3867 laeta
559 3816 623 3867 et
662 3809 861 3868 fausta
908 3808 1107 3869 omnia
1142 3809 1295 3870 mihi
1326 3810 1726 3891 spondebam:
1767 3806 1875 3869 sed
1915 3826 2012 3867 res
2049 3808 2183 3888 ipsa
2213 3806 2557 3887 opinionem

354 3926 550 3969 meam
589 3909 849 3969 multum
888 3911 1123 3975 fefellit.
1207 3911 1444 3981 Etenim
1472 3912 1685 3994 paucis
1721 3919 1862 3993 post
1891 3908 2096 3970 diebus
2136 3908 2289 3971 obiit
2316 3909 2371 3969 is
2388 3954 2408 3987 ,
2450 3909 2556 3988 qui

353 4008 510 4070 mihi
557 4030 790 4072 novum
845 4011 966 4075 iter
1020 4014 1288 4095 ingresso
1326 4017 1561 4096 praeire
1599 4033 1673 4074 ac
1706 4011 2052 4096 praelucere
2095 4032 2257 4073 uuus
2299 4011 2559 4072 maxime

356 4111 630 4174 omnium
666 4123 937 4194 poterat,
983 4116 1250 4197 optimus
1280 4125 1342 4178 et
1370 4114 1803 4182 eruditissimus
1828 4114 2190 4196 Ducangius.
2271 4113 2405 4175 Hac
2430 4113 2561 4192 By-

358 4215 639 4276 zantinae
675 4214 961 4278 historiae
1004 4217 1135 4279 sace
1175 4216 1478 4297 extincta,
1518 4219 1657 4282 viae
1688 4237 1816 4281 non
1844 4219 1990 4280 satis
2039 4236 2259 4299 gnarus
2295 4215 2561 4277 laborem

359 4337 434 4378 ac
471 4315 842 4399 diligentiam
882 4319 1149 4385 subsidio
1189 4320 1341 4385 mibi
1376 4322 1725 4405 comparavi
1733 4341 1755 4397 3
1796 4329 1857 4385 et
1884 4342 2088 4387 eorum
2111 4338 2219 4383 sex
2247 4318 2558 4393 librorum,
