3094 4876
572 356 767 407 xxm
1023 343 1493 417 NICEPHORl
1533 343 2014 416 GREGORAE
2053 347 2289 418 VITA.

571 502 812 587 potuit:
850 503 959 565 sed
989 513 1051 565 et
1079 504 1221 565 illos
1248 504 1448 566 verbis
1469 503 1785 583 castigatos
1812 505 2000 565 officii
2026 505 2368 585 admonuit,
2408 516 2468 568 et
2497 505 2768 569 oblatum

569 590 864 653 honorem
887 591 1250 671 repudiavit.
1334 590 1540 670 Itaque
1568 600 1805 650 creatus
1834 591 2172 671 patriarcha
2195 593 2523 655 monachus
2545 594 2766 653 montis

569 675 730 737 Atho
749 721 769 748 ,
812 677 1054 735 nomine
1106 676 1416 753 Callistus,
1461 676 1558 737 vir
1595 676 1911 736 illiteratus
1956 687 2018 737 et
2048 677 2602 759 Aqindymanorum
2643 678 2763 738 ho-

569 762 679 821 stis
694 761 1035 822 acerrimus.
1076 760 1255 820 Anno
1279 762 1517 821 demum
1541 782 1775 821 siccem.
1820 764 2282 839 Cantacuzenus,
2305 774 2372 825 ut
2399 763 2764 843 Acindynia·

567 846 665 906 nis
709 847 1085 907 turbantibus
1113 856 1173 905 et
1209 847 1927 927 Constantinopolitanam
1967 850 2274 908 ecclesiam
2311 849 2765 910 criminantibus

566 932 870 992 silentium
895 932 1260 1013 imponeret,
1297 933 1596 1012 synodum
1628 941 1959 995 convocare
1985 934 2198 993 statuit
2223 933 2297 1014 ¹),
2337 944 2397 993 at
2423 956 2550 994 non
2577 955 2765 994 oecu-

566 1017 884 1093 menicam,
924 1027 997 1077 ut
1023 1037 1194 1098 saepe
1232 1027 1294 1076 et
1321 1018 1442 1077 iam
1474 1019 1710 1097 pridem
1733 1019 2038 1098 pollicitus
2065 1021 2280 1080 fuerat.
2339 1021 2648 1099 Gregorius,
2695 1040 2766 1080 ea

566 1123 636 1164 re
657 1103 881 1179 audita,
923 1094 1206 1183 privatim
1240 1103 1415 1163 illum
1451 1103 1753 1187 convjenit,
1796 1113 1976 1184 atque
2003 1114 2072 1164 ut
2102 1126 2181 1164 ne
2209 1105 2502 1186 episcopis
2529 1105 2763 1186 paucis,

564 1189 756 1267 iisque
795 1189 1115 1248 maximam
1162 1198 1391 1269 partem
1431 1188 1725 1265 indoctis,
1783 1188 2074 1249 iudicium
2123 1191 2524 1270 permitteret,
2587 1191 2765 1253 enixe

568 1274 908 1334 contendit:
950 1285 1083 1334 tum
1124 1294 1202 1334 ne
1230 1274 1420 1335 errori
1449 1274 1903 1352 suffragaretur,
1946 1275 2155 1334 multis
2180 1276 2515 1335 rationibus
2558 1276 2764 1335 deter-

565 1376 697 1420 rere
723 1360 923 1440 ipsum
952 1370 1201 1439 conatus
1227 1369 1331 1419 est.
1388 1359 1504 1418 Sed
1530 1359 1707 1437 longa
1737 1367 1796 1417 et
1825 1379 2032 1437 aspera
2058 1359 2462 1421 admonitione
2490 1359 2551 1441 ²)
2606 1360 2766 1421 nihil

562 1446 852 1526 profecit:
893 1446 1076 1505 immo
1110 1444 1412 1504 hominem
1457 1443 1642 1521 magis
1672 1464 1705 1501 s
1747 1463 1811 1503 se
1840 1443 2141 1506 alienavit.
2232 1446 2541 1505 Caeterum
2569 1468 2647 1505 ne
2668 1466 2764 1507 re·

564 1530 778 1610 ligioni
824 1530 1187 1611 periclitanti
1237 1530 1303 1587 in
1346 1530 1477 1608 ipso
1532 1528 1785 1588 articulo
1814 1527 2070 1605 deesset,
2114 1529 2316 1589 statim
2347 1551 2409 1589 se
2446 1530 2523 1588 ad
2558 1540 2766 1589 certa-

562 1636 702 1675 men
752 1615 1018 1675 accimn't
1035 1661 1052 1691 ,
1097 1628 1158 1673 et
1191 1613 1243 1671 ei
1274 1613 1379 1692 qui
1403 1634 1515 1692 pro
1546 1612 1712 1672 Fidei
1738 1614 1991 1673 veritate
2019 1623 2390 1694 pugnaturus
2416 1616 2575 1675 soret
2602 1636 2764 1674 con-

562 1700 910 1761 venientem
968 1708 1329 1759 armaturam
1391 1697 1626 1774 induit,
1682 1697 1953 1757 habitum
2006 1699 2292 1758 videlicet
2341 1700 2759 1763 monasticum.

562 1784 638 1845 Id
660 1805 802 1845 vero
820 1785 1041 1843 factum
1075 1783 1225 1843 citra
1249 1784 1428 1843 ullam
1463 1783 1910 1860 caeremoniam,
1952 1783 2129 1842 unius
2151 1785 2475 1844 sacerdotis
2493 1784 2762 1863 religiosi

562 1869 949 1946 interventu3
995 1890 1027 1929 e
1084 1868 1252 1928 cuius
1292 1888 1477 1927 manu
1514 1876 1741 1929 vestem
1775 1888 1912 1927 cum
1941 1869 2237 1948 acciperet
2255 1914 2272 1945 ,
2315 1872 2619 1950 professus
2648 1879 2758 1947 est,

564 1974 629 2015 se
667 1964 895 2015 mutato
935 1954 1216 2035 deinceps
1253 1952 1496 2015 vivendi
1546 1973 1758 2033 genere
1795 1954 1954 2015 vitae
1986 1954 2213 2015 aulicae
2243 1976 2492 2036 prorsus
2523 1975 2759 2016 renun-

563 2040 864 2101 ciaturum
901 2039 978 2121 ³).

728 2144 848 2203 Ubi
874 2142 1137 2203 indictus
1167 2142 1293 2203 dies
1323 2141 1591 2220 advenit,
1630 2162 1963 2203 convenere
1990 2142 2057 2204 in
2089 2143 2286 2204 aulam
2315 2162 2518 2201 omnes
2545 2141 2760 2201 factio·

558 2229 656 2290 nis
693 2230 1073 2290 Palamiticae
1101 2229 1367 2309 episcopi
1389 2228 1475 2305 4).
1564 2230 1786 2288 Eodem
1826 2249 2061 2308 quoque
2090 2231 2381 2307 Gregoras
2417 2247 2552 2287 cum
2577 2226 2760 2286 sociis

560 2323 621 2375 et
659 2314 972 2393 discipulis
1003 2313 1192 2371 affuit.
1277 2315 1442 2373 Inter
1466 2311 1647 2371 huius
1677 2315 1872 2372 socios
1902 2314 2238 2374 eminebant
2262 2324 2382 2373 tres
2408 2311 2758 2392 pontifices;

557 2400 790 2481 primus
825 2397 1080 2478 Ephesi,
1128 2398 1281 2458 alter
1323 2397 1478 2457 Gani
1515 2398 1927 2479 metropolita5
1971 2399 2185 2460 tertius
2230 2397 2378 2479 Tyri
2416 2397 2760 2478 episcopus,

557 2485 838 2564 idemque
867 2482 1229 2543 Antiocheni
1269 2482 1649 2562 patriarchae
1686 2485 1882 2544 vicem
1909 2504 2147 2562 gerens;
2190 2504 2306 2544 nec
2339 2504 2466 2543 non
2492 2482 2612 2542 viri
2638 2483 2760 2542 duo

555 2570 894 2630 eruditione
922 2578 1290 2648 praestantes
1308 2613 1327 2646 ,
1381 2567 1607 2628 Dexius
1643 2577 1703 2627 et
1734 2568 2085 2629 Athanasius
2113 2568 2190 2652 ⁶).
2278 2570 2428 2629 Cum
2460 2567 2557 2627 his
2589 2569 2762 2628 Gre-

552 2674 727 2735 goras
741 2689 779 2732 ,·
803 2655 1046 2714 circiter
1080 2653 1294 2714 horam
1326 2652 1444 2713 diei
1480 2653 1801 2713 secundam
1816 2699 1834 2732 ‚
1878 2656 2170 2735 palatium
2199 2655 2495 2734 ingressus
2515 2698 2532 2727 ,
2578 2664 2762 2734 atque

555 2741 631 2799 ab
665 2739 969 2801 interioris
1000 2740 1170 2799 aulae
1197 2739 1369 2799 aditu
1394 2758 1506 2819 per
1528 2739 1775 2799 lictores
1807 2741 2125 2818 exclusus,
2170 2739 2277 2800 diu
2301 2740 2522 2799 mansit
2545 2738 2614 2798 in
2647 2759 2761 2799 ve-

551 2825 779 2885 stibulo
794 2870 812 2902 ,
858 2824 1240 2906 epulantibus
1281 2823 1508 2883 interea
1540 2826 1703 2906 apud
1733 2825 2161 2906 imperatorem
2186 2825 2507 2892 Palamitis.
2595 2824 2760 2898 Qui-

556 2910 669 2971 bus
705 2921 845 2992 post
886 2911 1209 2992 prandium
1257 2909 1323 2968 in
1354 2908 1556 2969 Alexii
1591 2909 1947 2970 Triclinium
1978 2910 2031 2993 ⁶)
2069 2910 2221 2972 hora
2257 2911 2390 2991 ipsa
2425 2910 2760 2972 meridiana

557 2996 946 3074 introductis,
990 3005 1051 3056 et
1093 3016 1232 3056 cum
1278 2996 1694 3055 Cantacuzeno
1737 2996 1883 3075 quid
1911 2996 2204 3075 agendum
2235 3007 2389 3056 esset
2413 2994 2759 3076 praemedi-

556 3083 730 3160 tatis,
772 3083 1017 3142 tandem
1077 3091 1136 3141 et
1172 3080 1574 3160 Acindyniani
1617 3081 1910 3161 impransi
1937 3082 2081 3142 iussi
2115 3091 2258 3142 sunt
2293 3082 2541 3142 intrare.
2626 3081 2762 3140 Sin-

557 3169 695 3246 gula
730 3167 906 3227 huius
931 3166 1383 3248 pseudosynodi
1426 3177 1558 3226 acta
1589 3186 1895 3230 recensere
1935 3168 2180 3246 longum
2205 3168 2423 3242 fuerit3
2468 3186 2584 3227 nec
2611 3185 2760 3225 vero

557 3272 799 3313 necesse
844 3262 964 3328 est,
1005 3272 1143 3311 cum
1176 3272 1244 3312 ea
1280 3251 1476 3331 quivis
1503 3252 1694 3333 possit
1735 3272 1811 3311 ex
1851 3252 2039 3332 ipsius
2065 3254 2360 3331 Gregorae
2387 3252 2562 3311 libris
2587 3250 2649 3326 ⁷)
2698 3258 2760 3310 et

559 3356 639 3397 ex
675 3337 861 3396 Tomo
903 3337 1252 3397 Palamitico
1303 3336 1539 3396 abunde
1589 3357 1960 3415 cognoscere.
2046 3337 2256 3397 Totius
2305 3336 2757 3417 disputationis,

556 3442 710 3501 quae
737 3423 900 3482 intra
925 3421 1263 3500 quindecim
1291 3422 1415 3481 dies
1439 3422 1801 3484 sessionibus
1832 3433 2089 3502 quatuor
2123 3423 2389 3483 absoluta
2421 3430 2531 3498 est,
2562 3422 2756 3481 exitus

552 3506 658 3566 hic
692 3506 826 3571 fuit.
915 3506 1274 3566 Confirmata
1305 3507 1575 3567 Palamae
1602 3507 1896 3570 doctrina.
1979 3509 2051 3568 In
2078 3509 2453 3568 Barlaamum
2482 3517 2542 3565 et
2576 3506 2755 3564 Acin·

553 3592 786 3673 dynum
829 3600 1096 3651 mortuos
1123 3590 1411 3652 horrendi
1443 3594 1722 3653 carminis
1750 3592 1803 3674 ⁸)
1849 3592 2156 3654 anathema
2180 3591 2645 3673 pronunciatum
2673 3586 2753 3669 ⁹).

552 3676 777 3762 Ephesi
819 3687 880 3738 et
906 3677 1061 3737 Gani
1101 3676 1502 3758 metropolitis
1546 3678 1821 3761 adempta
1847 3700 1958 3761 per
1982 3679 2109 3742 vim
2134 3680 2385 3759 insignia
2412 3673 2720 3756 dignitatis
2730 3693 2752 3752 3

623 3880 685 3949 1)
719 3879 1011 3962 Cantacnze
1027 3878 1170 3963 pist.
1200 3878 1292 3937 lib.
1330 3896 1408 3935 xv.
1443 3898 1492 3934 c.
1521 3883 1609 3938 28.
1639 3880 1806 3963 Greg.
1830 3877 1968 3935 mat.
1992 3880 2083 3935 lib.
2110 3895 2264 3936 xvm.
2300 3897 2347 3935 c.
2376 3882 2430 3937 3.
2542 3879 2609 3947 2)
2643 3878 2752 3931 Ex-

686 3953 974 4031 tat-‘oratio
1007 3948 1096 4006 hb.
1136 3965 1291 4004 xvm.
1327 3969 1375 4005 c.
1397 3953 1449 4005 4.
1599 3950 1663 4018 3)
1708 3950 1843 4032 Ibid.
1939 3957 2006 4004 ct.
2039 3949 2091 4005 4.
2242 3946 2309 4019 4)
2342 3951 2405 4003 A.
2432 3949 2505 4032 C:
2537 3962 2751 4001 necem.

684 4017 837 4096 Mau-
858 4018 945 4070 ὼε
982 4020 1071 4074 27.
1222 4021 1285 4089 5)
1334 4021 1444 4074 1011.
1487 4021 1873 4102 Cyparissiotes
1967 4020 2157 4074 alamic.
2199 4024 2594 4102 transgression.
2623 4016 2750 4072 libro

682 4086 942 4207 ἰξειιιιὲιιι-ξὶοξ
987 4105 1102 4157 cap.
1139 4086 1232 4140 ult.
1272 4092 1380 4171 tres
1411 4090 1791 4158 Acindymanos
1836 4095 2080 4172 memorat
2111 4093 2170 4141 ut
2215 4085 2748 4171 lllustres,·Burden,

686 4173 763 4291 ἢ
798 4159 1481 4280 Χὲῖἓῖωἳὰῗχξῖὒξὲῖῗὼ
1573 4156 2748 4298 8)(5ἰὲἳὲἒαιῗίζιᾋ3ξῖἓὲῗέἓῖἲ.ξῖέἓῖὶὲε

686 4289 1210 4434 ιὲιῗὸκηρυέῗέῖἧας,
1242 4296 1413 4367 inquit
1438 4296 1738 4419 Philothffis
1767 4297 2079 4421 patritrplba.
2154 4297 2295 4420 fad.
2322 4314 2437 4368 reg.
2467 4296 2621 4352 1996.
2657 4292 2746 4347 fol.

798 4402 813 4417 .
1153 4382 1208 4418 m
1246 4382 1364 4431 eos,
1391 4383 1605 4437 quorum
1631 4384 1657 4418 s
1713 4384 1913 4422 usesse
2004 4383 2153 4437 aper
2242 4404 2257 4421 .
