3094 4876
783 335 1258 408 fflsTomAE
1293 337 1850 409 sYzANTmAE
1889 339 1974 411 x,
2013 350 2077 414 τ.
2359 331 2517 448 >499

306 500 547 589 μεταξὺ
570 497 779 579 πόλεις
799 504 902 568 καὶ
919 506 1123 590 χῶραι
1150 500 1403 595 ῥαδίως,
1431 507 1620 570 τοῦτο
1647 503 1761 587 μὲν
1785 506 1887 571 καὶ
1920 504 2037 591 τὴν
2062 512 2177 574 τοῦ
2204 505 2512 598 Συργιάν-
2602 524 2663 576 Α.
2682 526 2740 579 c.

307 632 430 674 νου
471 612 791 673 ποθοῦσαι
833 602 1024 671 πάλαι
1074 606 1436 672 ἐπιστασίαν
1447 654 1470 688 ,
1524 612 1712 672 τοῦτο
1742 608 1814 674 δὲ
1840 610 1941 674 καὶ
1967 606 2122 698 ὑπὲρ
2161 620 2287 680 τῶν
2315 613 2514 681 ἀστα-
2602 593 2740 712 13ξὸ

303 708 485 795 χύων
507 712 856 776 δεδοικυῖαι.
912 707 1045 796 ὥρα
1068 708 1188 798 γὰρ
1207 702 1286 795 ἦν
1311 706 1592 794 τηνικάδε
1618 706 1872 787 ἅλωνος.
1934 707 1968 779 ὅ
2008 714 2214 796 μέντοι
2254 723 2513 805 Σφραν-
2598 679 2740 785 ‘1341

311 816 463 898 τζῆς
492 811 748 896 μηνύειν
781 838 844 878 τε
879 813 1114 880 ἐθέλων
1141 819 1234 903 τῷ
1276 818 1525 896 βασιλεῖ
1552 812 1635 879 τὰ
1669 810 1951 900 δρώμενα
1978 819 2080 882 καὶ
2123 816 2254 902 ἅμα
2279 802 2847 923 ἀνύπο-Ἳξΐοῗξιωι

262 922 474 993 ὅπτος
504 923 595 1004 τῷ
624 912 969 1003 Συργιάννῃ
999 918 1197 983 δοκεῖν
1220 913 1533 1005 πρόφασίν
1560 941 1698 981 τινα
1725 918 2047 998 δαιμονίαν
2070 919 2379 989 ἐπλάσατο
2411 927 2514 989 καὶ
2759 907 2774 921 ’

305 1017 480 1089 πάνυ
523 1025 815 1103 βαθεῖαν.
876 1019 1147 1105 προσιὼν
1202 1019 1321 1106 γὰρ
1367 1019 1631 1107 ἔφασκεν
1664 1018 1836 1110 αύτῷ
1867 1019 2187 1107 συνθήκας
2218 1025 2368 1110 ἔχειν
2399 1024 2577 1097 δύοΕ

306 1129 540 1205 τινῶν,
598 1123 668 1189 οἳ
701 1124 838 1209 περὶ
876 1121 989 1188 τὸν
1027 1128 1142 1188 τοῦ
1181 1123 1488 1205 βασιλέως
1514 1127 1779 1189 κοιτῶνα
1821 1121 2094 1205 μάλιστα
2133 1127 2248 1211 τὴν
2294 1155 2521 1216 προσε-

309 1230 530 1314 δρείαν
557 1232 898 1306 ποιοῦνται,
950 1222 1451 1309 βεβαιωσάντων,
1492 1228 1547 1291 εἰ
1573 1217 2006 1313 προσηκούσης
2029 1227 2240 1307 ἀδείας
2262 1230 2520 1316 τύχοιεν,

315 1333 817 1418 διαχειρίσασθαι
847 1326 961 1395 τὸν
981 1329 1262 1412 βασιλέα.
1331 1329 1472 1395 δέον
1500 1321 1613 1396 οὖν
1645 1326 1796 1395 εἶναι
1828 1331 2083 1415 πέμπειν
2111 1332 2268 1419 πρὸς
2300 1334 2529 1413 αὐτοὺς

219 1438 300 1495 10
312 1437 422 1500 καὶ
467 1428 946 1518 ἀναμιμνήσκω
993 1439 1120 1500 τῶν
1151 1438 1502 1518 συνθηκῶν.
1576 1434 1681 1499 καὶ
1718 1430 1885 1500 οὕτω
1916 1433 2131 1514 λαβὼν
2170 1435 2243 1502 τὸ
2287 1436 2529 1504 ἐνδόσι-

311 1564 441 1623 μον
489 1535 714 1619 ἔπεμπε
758 1538 862 1602 καὶ
891 1531 1113 1620 ἐμήνυε
1153 1541 1244 1626 τῷ
1271 1542 1523 1619 βασιλεῖ
1545 1536 1625 1602 τὰ
1651 1532 1953 1624 δρώμενα.
2006 1530 2170 1622 ἦσαν
2206 1540 2275 1605 δὲ
2300 1547 2521 1622 ταῦτα,

309 1638 405 1718 ’ὥς
456 1639 721 1729 ἀποροίη
763 1635 1226 1727 διαπράξεσθαῖ
1263 1665 1330 1705 τε
1368 1640 1484 1724 τὴν
1519 1640 1779 1724 μελέτην
1819 1644 1923 1706 καὶ
1964 1639 2096 1724 ἅμα
2139 1638 2338 1731 ἑαυτῷ
2385 1646 2582 1712 δια-Ε·

309 1740 607 1829 τηρήσειν
649 1743 725 1809 τὸ
767 1739 983 1831 πόρῥω
1022 1742 1309 1829 γενέσθαι
1355 1739 1667 1809 κινδύνων.
1722 1743 1918 1810 πολὺν
1944 1744 2063 1831 γὰρ
2098 1745 2268 1836 αύτῷ
2294 1771 2532 1830 περικε-

305 1844 558 1933 χύσθαι
598 1842 840 1934 νύκτωρ
885 1847 988 1911 καὶ
1032 1845 1193 1929 μεθ’
1237 1841 1473 1932 ἡμέραν
1518 1844 1630 1912 τὸν
1673 1843 1862 1930 ὄχλον
1909 1849 2012 1914 καὶ
2054 1845 2248 1933 μόνον
2290 1850 2534 1919 οὐδέπω

227 1957 301 2014 15
318 1951 793 2037 ἀπολελεῖφθαι.
848 1950 975 2041 δεῖν
1016 1941 1127 2016 οὖν
1167 1945 1632 2036 ἡμεροσκόπους
1671 1945 1977 2033 τετάχθαι
2016 1949 2403 2039 στρατιώτας
2435 1979 2532 2019 τι-

310 2054 435 2130 νὰς
465 2050 531 2117 ἓν
570 2063 702 2129 τοῖς
733 2053 1122 2140 προαστείοις
1164 2059 1278 2137 τῆς
1323 2052 1810 2137 Θεσσαλονίκης,
1861 2053 1951 2119 ἵν’
1998 2051 2149 2120 ὅταν
2183 2055 2530 2122 αἴσθωνται

311 2153 703 2245 προσιούσας
740 2154 857 2232 τὰς
896 2152 1187 2239 δυνάμεις
1219 2154 1380 2239 μετὰ
1426 2160 1540 2221 τοῢ
1587 2152 2001 2244 Συργιάννου,
2057 2157 2423 2235 ἐκδέξωνταί
2452 2185 2534 2242 με

317 2258 633 2352 φεύγοντα
680 2257 838 2347 πρὸς
878 2257 996 2344 τὴν
1036 2255 1214 2324 πόλιν
1256 2259 1323 2323 ἐκ
1362 2264 1476 2324 τοῦ
1526 2259 1988 2346 στρατοπέδου,
2043 2263 2189 2347 πρὶν
2233 2265 2537 2347 γνωσθεὶς

316 2363 652 2449 ἀπόλωμαι
693 2361 889 2447 μηδὲν
922 2357 1268 2450 πεπραχώς.
1339 2360 1596 2449 αῗσχρόν
1624 2360 1744 2451 γὰρ
1775 2361 1926 2441 ἴσως
1937 2413 1960 2446 ,
2018 2359 2211 2452 δηρόν
2240 2390 2305 2432 τε
2329 2366 2531 2451 μένειν
2564 2371 2627 2428 P.
2661 2374 2768 2431 308

227 2465 529 2537 ωκενεόν
575 2492 640 2534 τε
684 2467 937 2532 νέεσθαι
956 2485 974 2504 ·
1027 2460 1428 2553 αἰσχρότερον
1474 2465 1538 2530 δ’
1577 2464 1699 2547 ἔτι,
1755 2466 1949 2555 δηρὸν
1971 2467 2237 2550 μένοντα
2265 2469 2422 2557 πρὸς
2445 2477 2536 2560 τῷ

318 2573 520 2659 μηδὲν
570 2568 943 2656 πεπραχέναι
987 2571 1091 2634 καὶ
1139 2568 1213 2635 τὸ
1246 2569 1353 2655 ζῇν
1396 2566 1593 2635 αὕτοῦ
1630 2594 1753 2635 που
1794 2570 1951 2658 πρὸς
1989 2570 2106 2647 τὰς
2127 2577 2255 2638 τῶν
2288 2575 2537 2663 ἐχθρῶν

319 2674 528 2752 πύλας
567 2674 903 2740 ἀπολιπεῖν.
1010 2669 1150 2762 (Ζ.)
1193 2670 1368 2737 Ἐπεί
1390 2696 1457 2758 γε
1493 2670 1622 2756 μὴν
1663 2672 1848 2740 ἐπιὼν
1879 2670 1913 2739 ὅ
1958 2671 2339 2762 Συργιάννης
2376 2672 2538 2759 μετά

323 2804 393 2868 γε
435 2784 550 2845 τοῦ
590 2773 816 2865 Κράλη
860 2776 965 2841 καὶ
1007 2781 1135 2844 τῶν
1180 2781 1639 2863 στρατιωτικῶν
1672 2773 1994 2861 δυνάμεων
2034 2778 2239 2870 ῥᾷστα
2271 2783 2375 2848 καὶ
2411 2780 2535 2848 ἀπὸ

469 2958 526 3014 9.
574 2945 678 3013 οὖν
710 2972 809 3010 om.
844 2957 910 3012 A.
1046 2955 1135 3012 12.
1170 2951 1586 3028 διαπράξεσθαι
1609 2954 1674 3008 Α.
1691 2990 1709 3022 ,
1745 2952 2173 3028 διαπράξασθαι
2200 2958 2293 3017 W.

323 3110 628 3166 interiectas
655 3108 710 3163 in
740 3107 1054 3162 deditionem
1075 3107 1228 3162 facile
1250 3107 1539 3178 accipiunt,
1589 3124 1705 3160 eum
1737 3107 1825 3161 alii
1855 3108 2165 3179 Syrgiannis
2210 3110 2538 3166 administra-

326 3183 519 3234 tionem
548 3179 747 3250 pridem
776 3177 1148 3243 desiderarent,
1181 3178 1270 3230 alii
1291 3178 1530 3247 frugibus
1557 3177 1769 3229 maturis
1795 3186 2093 3232 metuerent.
2143 3179 2371 3249 Tempus
2404 3182 2536 3236 enim

325 3250 456 3303 illud
485 3245 663 3302 messis
692 3246 1012 3316 colligendae
1036 3254 1164 3300 erat.
1232 3246 1501 3301 Caeterum
1532 3245 1852 3315 Sphrantzes
1870 3246 2173 3316 Imperatori
2200 3251 2325 3316 quid
2354 3267 2539 3321 agere-

327 3326 418 3373 tur
443 3318 672 3371 indicare
693 3318 904 3385 cupiens
929 3316 1180 3385 simulque
1201 3314 1481 3386 Syrgianni
1505 3320 1773 3383 suspectus
1808 3333 1921 3370 esse
1940 3315 2119 3368 nolens
2152 3318 2329 3370 miram
2371 3336 2537 3387 quan-

329 3389 450 3442 dam
491 3393 545 3440 et
568 3387 852 3439 abstrusam
884 3385 1132 3439 rationem
1165 3385 1455 3454 excogitat,
1528 3400 1595 3435 ua
1620 3382 1673 3435 id
1701 3392 2020 3455 assequatur.
2090 3387 2169 3439 Ad
2197 3387 2536 3455 Syrgiannem

330 3456 566 3521 accedit,
602 3462 657 3508 et
684 3472 742 3507 se
768 3471 883 3507 eum
907 3454 1103 3507 duobus
1125 3454 1290 3520 viris,
1324 3455 1410 3524 qui
1437 3400 1848 3521 inqlmperatoris
1889 3453 2122 3507 cubiculo
2163 3456 2369 3508 assidue
2413 3474 2537 3511 ver-

333 3533 605 3588 serentur,
645 3523 911 3594 pepigisse
938 3523 1043 3588 ait3
1093 3531 1147 3576 et
1176 3524 1459 3577 affirmasse
1488 3539 1610 3586 eos,
1655 3539 1713 3574 se
1738 3522 1860 3576 data
1896 3525 2282 3593 opportunitate
2305 3526 2538 3596 Impera-

330 3601 498 3649 torem
521 3593 797 3646 occisuros.
865 3593 976 3645 Eos
1016 3594 1034 3646 i
1075 3591 1179 3646 ‘tur
1243 3609 1300 3646 er
1334 3591 1570 3646 nuncium
1601 3592 2120 3648 commonefaciendus
2162 3611 2277 3646 esse
2311 3612 2538 3649 conven-

332 3669 517 3718 torum.
600 3662 693 3714 Sic
736 3668 995 3730 potestate
1076 3668 1162 3715 ata
1238 3661 1549 3731 mperatori,
1592 3660 1717 3744 quid
1759 3671 2030 3730 ageretur,
2070 3662 2359 3732 significan
2409 3681 2546 3734 quae

333 3742 487 3787 erant
511 3731 812 3785 huiusmodi.
881 3730 1080 3784 Deesse
1102 3730 1203 3785 sibi
1224 3731 1539 3793 facultatem,
1574 3729 1726 3782 smml
1754 3739 1809 3782 et
1835 3730 2082 3785 meditata
2114 3731 2445 3801 exsequendi,
2480 3739 2538 3785 et

333 3803 489 3855 saluti
514 3819 641 3855 suae
664 3801 742 3853 sie
765 3799 1097 3865 consulendi,
1133 3807 1194 3852 ut
1223 3807 1373 3854 extra
1415 3799 1695 3871 periculum
1725 3816 1842 3853 esse
1872 3808 2062 3869 posset.
2132 3800 2372 3869 Magnam
2403 3801 2536 3855 enim

332 3871 614 3941 Syrgianni
650 3870 851 3922 turbam
891 3876 1046 3922 noctu
1084 3875 1239 3939 atque
1279 3869 1504 3922 interdiu
1536 3868 1894 3924 circumfusam
1932 3887 2079 3933 esse,
2113 3885 2283 3939 neque
2315 3887 2382 3922 un
2422 3885 2538 3924 uam

330 3939 557 4023 relinqui
585 3938 766 3993 solum.
834 3938 969 3991 Esse
995 3937 1157 4008 igitur
1179 3939 1365 3992 milites
1393 3939 1593 4020 aliquot
1622 3938 1974 4007 speculatores
1996 3938 2051 3991 in
2077 3938 2336 3991 suburbiis
2417 3942 2540 3990 hes-

333 4011 594 4063 salomcae
620 4009 941 4060 collocandos
956 4044 973 4070 ,
1040 4006 1095 4059 ui
1120 4025 1177 4060 se
1194 4044 1212 4072 ,
1245 4008 1332 4061 ubi
1363 4008 1575 4062 hostiles
1601 4007 1778 4076 copias
1819 4023 1930 4060 eum
1956 4006 2250 4077 Syrgianne
2293 4006 2539 4060 accedero

334 4078 650 4140 sensissent,
686 4095 717 4129 e
747 4076 933 4129 castris
955 4093 1018 4128 ur
1147 4094 1333 4130 versus
1360 4076 1644 4147 fugiturum
1673 4075 1971 4145 exciperent
1986 4114 2003 4139 ,
2036 4075 2330 4146 prinsquam
2361 4076 2541 4144 cogni-

332 4153 422 4201 tus
450 4165 509 4200 re
521 4146 717 4198 infecta
737 4146 949 4215 periret.
1019 4143 1146 4198 Cum
1170 4147 1302 4199 enim
1336 4152 1488 4217 turpe
1529 4143 1633 4208 sit,
1678 4145 1925 4198 mansisse
1964 4144 2053 4197 diu
2096 4162 2416 4214 vacuumque
2449 4163 2540 4198 re-

332 4217 504 4279 verti3
539 4215 695 4268 multo
725 4232 840 4268 esse
867 4215 1104 4284 turpius,
1141 4215 1386 4268 mansisse
1414 4217 1505 4269 diu
1537 4230 1603 4266 ac
1639 4229 1739 4265 non
1783 4214 1931 4267 modo
1970 4213 2100 4267 nihil
2138 4214 2394 4283 gessisse,
2443 4213 2539 4267 sed

336 4285 495 4339 etiam
534 4283 601 4336 ad
648 4283 961 4337 inimicorum
1073 4292 1182 4338 rtas
1220 4284 1460 4340 interfici.
1527 4279 1705 4350 (vn.)
1739 4281 2016 4337 Caeterum
2057 4299 2171 4335 cnm
2200 4282 2540 4353 Syrgiannes‚

334 4370 442 4409 una
481 4370 597 4411 eum
634 4352 793 4410 Crals
839 4358 894 4407 et
975 4353 990 4366 “
1034 4353 1235 4409 taribus
1273 4354 1444 4426 copiis
1485 4367 1792 4424 progressus
1807 4388 1828 4418 ,
1875 4352 1986 4409 solo
2022 4350 2222 4408 nomine
2255 4369 2351 4407 suo
2380 4351 2541 4407 facile
