3094 4876
526 370 710 421 tm
952 358 1419 430 NICEPHOBI
1456 358 1938 429 GREGORAE
1974 361 2328 432 ELOGIA.

530 518 637 585 καὶ
678 516 1008 626 ἕπιβλαβὲς,
1050 519 1155 583 καὶ
1179 517 1327 594 τίς““
1293 547 1327 587 o
1351 514 1570 623 ταύτης
1596 514 1961 603 προστατης,
2001 517 2107 583 καὶ
2128 521 2287 595 τίνες
2317 520 2382 584 οἱ
2391 518 2453 596 ἐξ
2480 518 2717 584 ἐκείνου

529 604 812 684 φυέντες,
857 600 973 669 ουίι
1018 602 1281 685 ι’ίκαρποι
1322 601 1517 711 μόνον
1556 606 1660 668 καὶ
1688 609 2136 710 καταργοῦντες
2179 603 2294 688 τὴν
2323 609 2444 687 γῆν
2462 610 2571 686 τῆς
2607 628 2717 668 ευ-

528 692 762 772 σεβείας
797 691 1074 773 βλαστοὶ,
1118 686 1269 753 α’λλοὶ
1304 692 1409 754 καὶ
1445 684 1829 764 ἀκανθώδεις
1868 691 1973 752 καὶ
2012 694 2149 753 λίαν
2161 698 2457 795 τραχεῖς,
2521 713 2714 772 παρα·

531 779 862 850 λυποῦντες
890 776 995 838 καὶ
1027 779 1397 851 διασπωντες
1416 773 1491 838 τὰ
1520 781 1630 855 τῆς
1650 776 1968 882 ἐκκλησίας
1993 771 2347 879 γεννήματα.
2465 820 2470 825 -

691 855 794 923 Ἐν
830 855 928 935 αἶς
952 858 1143 943 δήπερ
1167 857 1464 969 ασεβείαις
1489 860 1595 923 καὶ
1625 856 1902 934 ἀτοπίαις
1928 860 2034 922 καὶ
2050 855 2330 939 διάδοχον
2359 858 2578 923 ἑαυτοῦ
2605 852 2716 921 τὸν

524 938 826 1052 δνστηνον
869 946 1105 1009 ἐκεῖνον
1144 945 1339 1052 ἔσχεν
1349 941 1726 1009 Ἀκίνδννον·
1769 945 1873 1008 καὶ
1913 945 1998 1008 ἔτι
2026 941 2244 1020 Δεξιόν
2266 968 2434 1022 τινα,
2477 939 2580 1009 τᾶν
2603 947 2716 1023 τῆς

524 1025 841 1138 ἀριστερᾶς
873 1033 1141 1113 μερίδος·
1184 1031 1289 1094 καὶ
1321 1025 1640 1114 Ἄργυρον,
1684 1054 1793 1094 τον
1835 1032 1940 1092 lov
1980 1027 2224 1111 μεστόν,
2271 1025 2374 1093 τᾶν
2408 1028 2512 1091 καὶ
2554 1023 2712 1090 πολι)

520 1112 591 1178 τό
621 1118 910 1197 κίβδηλον
932 1121 1040 1196 τῆς
1074 1110 1379 1221 Ἑλλήνων
1404 1117 1702 1220 φλυαρίας
1733 1111 2178 1217 πλουτήσαντα·
2220 1113 2326 1177 καὶ
2360 1110 2479 1216 πρὸ
2511 1107 2715 1175 αυτόν

521 1203 838 1304 Γρηγορᾶν
867 1199 1103 1265 ἐκεῖνον
1135 1197 1237 1264 τὸν
1272 1194 1636 1307 ἆποστᾶτην.
1693 1202 1757 1265 οἳ
1782 1200 1887 1262 καὶ
1907 1224 2023 1280 την
2030 1223 2222 1302 χαριν
2249 1194 2535 1273 καθάπαξ
2561 1191 2713 1277 η’θε·

516 1282 740 1387 τήκασι
768 1289 882 1348 τοῦ
918 1290 1080 1349 θεοῦ
1114 1284 1218 1348 καὶ
1252 1281 1369 1367 τὴν
1419 1282 1687 1366 φυσικὴν
1745 1281 1935 1348 αυτοῦ
1968 1279 2234 1364 δύναμιν
2274 1283 2377 1347 καὶ
2416 1283 2714 1364 ἐνέργειαν

517 1364 740 1472 ἐξηρνή
747 1388 947 1447 omo,
992 1372 1289 1475 μηδεμίαν
1329 1364 1588 1475 δυναμιν
1630 1376 1944 1449 προσεῖναι
1974 1368 2241 1455 λέγοντες
2257 1392 2340 1430 τω
2368 1372 2517 1453 θεῷ,
2561 1364 2714 1448 μηδὲ

517 1451 755 1539 δωρεαν
779 1478 843 1518 τε
869 1454 971 1517 καὶ
1000 1480 1174 1538 χαριν
1196 1455 1257 1531 ἐξ
1283 1450 1477 1519 αυτοῦ
1499 1460 1854 1536 προϊοῦσαν.

685 1543 897 1600 Sacros
924 1542 1170 1618 Tomos,
1215 1539 1287 1598 ab
1320 1539 1658 1600 orthodoxa
1685 1539 1907 1600 Christi
1937 1539 2184 1598 ecclesia
2208 1537 2450 1618 publice
2475 1535 2713 1617 exposi-

511 1634 644 1703 tos,
702 1626 808 1704 qui
855 1626 1115 1686 voluerit
1158 1626 1347 1704 legat,
1405 1635 1466 1685 et
1506 1625 1703 1686 omnia
1745 1625 2054 1704 explorate
2108 1632 2451 1703 cognoscet.
2511 1621 2709 1700 primo

512 1711 752 1791 quidem
787 1730 920 1769 eum
942 1713 1230 1786 Tomum,
1277 1710 1378 1790 qui
1411 1711 1477 1770 in
1497 1710 1753 1790 impium
1791 1710 1962 1769 illum
1989 1710 2367 1769 Barlaamum
2395 1707 2712 1766 Calabrum

510 1795 708 1855 editus
753 1803 870 1855 est.
912 1805 1041 1854 tum
1085 1794 1290 1872 illum,
1335 1795 1440 1874 qui
1483 1794 1768 1855 adversus
1789 1794 2176 1855 temerarium
2204 1790 2259 1877 ¹)
2305 1792 2707 1872 Acindynum‚

507 1880 711 1939 eadem
744 1899 893 1958 quae
936 1880 1280 1939 Barlaamus
1324 1890 1556 1940 tentare
1601 1900 1809 1940 ausum
1843 1876 1925 1960 1)·
1911 1925 1928 1956 ,
1976 1878 2229 1958 denique
2258 1899 2394 1938 eum
2434 1876 2536 1956 qui
2578 1886 2708 1935 ter-

505 1965 626 2024 tius
672 1963 930 2045 prodiit,
989 1964 1355 2045 compositus
1392 1965 1732 2027 videlicet
1713 1986 1778 2024 ιιι
1828 1985 1965 2024 eum
2005 1964 2109 2042 qui
2137 1973 2231 2024 ter
2276 1973 2334 2022 et
2383 1961 2612 2039 saepius
2645 1958 2703 2041 2)

504 2049 821 2129 (siquidem
845 2049 917 2109 ab
934 2070 1002 2110 eo
1018 2071 1190 2131 saepe
1216 2059 1276 2110 et
1296 2071 1329 2108 a
1358 2051 1539 2111 variis
1568 2060 1867 2132 praeterea
1880 2048 2193 2109 haereticis
2221 2048 2469 2108 ecclesia
2487 2044 2707 2105 Christi

500 2134 778 2195 similiter
798 2136 1152 2221 perturbata
1197 2132 1346 2216 est),
1394 2137 1720 2215 Gregoram
1749 2136 1919 2211 dico,
1962 2143 2155 2194 morte
2195 2135 2425 2193 animae
2467 2130 2705 2211 penitus

496 2231 836 2296 mortuum,
880 2221 1251 2299 eundemque
1279 2222 1604 2301 impietatis
1634 2231 1879 2281 veterno
1911 2230 1969 2279 et
2007 2219 2175 2296 gravi
2209 2237 2421 2298 sopore
2450 2236 2705 2297 oppres-

495 2325 654 2367 sum.
744 2306 1121 2381 Cognoscet
1102 2326 1154 2363 is
1184 2325 1363 2383 quam
1388 2306 1557 2366 varia
1582 2315 1642 2364 et
1669 2326 1848 2383 quam
1874 2304 2120 2363 subdola
2148 2303 2226 2363 sit
2251 2303 2402 2362 haec
2424 2300 2705 2375 haeresis,

496 2409 679 2468 quam
717 2389 877 2448 Dei'
859 2389 1102 2448 inimica
1134 2398 1193 2450 et
1222 2389 1434 2449 noxia·
1419 2434 1436 2467 ‚
1482 2389 1613 2469 quis
1641 2390 1829 2469 ipsius
1866 2397 2276 2469 propugnator
2305 2387 2536 2468 primus
2567 2387 2706 2447 sue-

428 2541 435 2546 ‚
492 2475 613 2548 rit;
657 2473 899 2552 quinam
931 2474 1189 2553 denique
1217 2475 1358 2534 inde
1396 2475 1593 2535 exorti
1633 2496 1757 2534 nou
1802 2474 1982 2534 modo
2025 2474 2392 2533 infructuosi
2431 2481 2489 2532 et
2530 2487 2707 2532 verae

492 2558 799 2638 religionis
832 2560 1029 2619 solum
1056 2559 1406 2619 infestantes
1447 2560 1706 2632 surculi,
1747 2579 1958 2619 verum
1981 2559 2159 2617 etiam
2196 2560 2424 2638 spinosi
2451 2566 2514 2616 et
2537 2557 2703 2617 mul-

490 2653 622 2704 tum
651 2642 876 2723 asperi,
919 2663 1020 2704 eos
1049 2664 1197 2725 quos
1225 2644 1433 2723 genuit
1482 2644 1734 2706 ecclesia
1783 2646 1981 2705 foetus
2034 2645 2299 2704 molestia
2339 2641 2606 2704 afficiant
2643 2651 2705 2703 et

489 2728 842 2791 dilacerent.

659 2829 891 2890 Horum
912 2830 1305 2912 [Barlaamus]
1331 2832 1659 2912 impiorum
1687 2831 2030 2931 dogmatum
2056 2840 2115 2891 et
2131 2851 2395 2892 errorum
2421 2829 2704 2891 heredem

488 2914 702 2977 habuit
729 2917 1029 2977 infelicem
1056 2919 1228 2978 illum
1245 2918 1659 2997 Acindynum3
1694 2917 1839 2977 item
1865 2917 2135 2994 Dexium‚
2164 2919 2543 2977 sinistrarum
2566 2935 2704 2995 par-

486 3001 643 3062 tium
669 3000 970 3063 hominem
996 3000 1081 3089 ⁸)·
1067 3048 1084 3079 ,
1123 3023 1236 3063 nec
1262 3024 1384 3062 non
1411 3003 1726 3082 Argyrum‚
1757 3003 2051 3078 aeruginis
2069 3001 2119 3080 ³)
2149 3003 2396 3082 plenum
2426 3010 2487 3060 et
2503 3000 2696 3059 Grae-

491 3089 734 3147 canicae
775 3089 1058 3149 vanitatis
1096 3088 1241 3149 falsa
1296 3097 1537 3148 moneta
1569 3083 1624 3173 ⁸)
1684 3087 2248 3165 instructissimum3
2290 3096 2351 3147 et
2392 3094 2528 3148 ante
2587 3083 2701 3146 hos

489 3183 816 3252 apostatam
852 3174 1028 3233 illum
1072 3172 1546 3252 Gregoram.1.i
1583 3173 1831 3251 gratiam
1865 3173 1974 3231 Dei
2008 3173 2251 3232 omnino
2313 3181 2702 3249 contempse-

487 3266 654 3333 runt,
698 3260 1029 3318 naturalem
1053 3259 1178 3319 eius
1208 3261 1491 3320 virtutem
1521 3267 1580 3317 et
1601 3257 2002 3337 operationem
2020 3257 2434 3338 repudiarunt,
2464 3255 2702 3316 nullam

487 3342 612 3401 Deo
642 3342 985 3403 adiunctam
1014 3345 1337 3423 virtutem,
1377 3344 1619 3404 ιιιιΠιιιιι
1646 3363 1725 3402 ex
1769 3362 1838 3403 eo
1869 3342 2128 3421 donum,
2171 3342 2402 3403 nullam
2445 3343 2699 3421 gratiam

485 3428 811 3508 procedere
843 3428 1143 3490 dixerunt.

655 3529 884 3606 Habes,
928 3529 1041 3590 Vir
1064 3528 1493 3607 illustrissime,
1535 3530 1753 3591 selecta
1786 3547 1818 3587 e
1862 3527 2071 3588 multis
2103 3527 2428 3608 Nicephori
2465 3528 2697 3606 Grego-

484 3635 589 3678 rae
620 3607 843 3692 elogia3
887 3613 1220 3674 honorifica
1258 3615 1484 3695 pariter
1514 3624 1576 3674 et
1607 3614 1931 3674 iniuriosa·
1974 3633 2122 3692 quae
2152 3612 2331 3691 longo
2371 3612 2695 3672 intervallo

486 3701 769 3761 distantia
797 3710 857 3760 et
880 3701 1058 3781 plane
1085 3700 1381 3780 disparata
1402 3700 1539 3760 ideo
1568 3698 1990 3760 coniunximus
2020 3708 2080 3757 et
2111 3699 2297 3758 oculis
2323 3699 2441 3758 tuis
2466 3698 2696 3757 alterna

485 3786 882 3856 subiecimus,
942 3806 1057 3866 quo
1092 3786 1327 3845 facilius
1365 3785 1734 3867 perspiceres
1783 3803 1960 3862 quam
2002 3782 2207 3862 iniqua
2235 3793 2432 3844 essent
2468 3783 2697 3842 iudicia

478 3870 827 3948 hominum,
878 3892 1054 3950 quam
1088 3891 1262 3930 caeca
1298 3873 1365 3930 et'
1387 3870 1628 3930 affectui
1663 3868 1942 3929 obnoxia.
2026 3868 2191 3927 mad
2229 3878 2426 3928 tamen
2458 3867 2573 3927 hac
2626 3869 2695 3927 in

478 3966 654 4037 parte
705 3956 1016 4034 diligenter
1056 3957 1241 4016 velim
1282 3957 1551 4016 attendas
1567 4003 1585 4031 ,
1628 3977 1662 4014 a
1706 3953 1924 4034 quibus
1958 3952 2249 4032 Gregoras
2296 3952 2694 4034 reprehensus

482 4050 545 4102 et
580 4041 958 4101 contumeliis
989 4051 1238 4101 vexatus
1268 4041 1346 4101 sit
1363 4086 1381 4119 ,
1426 4061 1525 4102 eos
1555 4040 1648 4100 illi
1677 4040 1943 4099 infensos
1974 4038 2156 4098 fuisse
2185 4038 2260 4097 ob
2291 4060 2419 4098 eam
2444 4058 2694 4119 prorsus

482 4143 753 4205 causam,
798 4125 942 4206 quia
985 4127 1279 4187 saniorem
1300 4127 1638 4188 docta-inam
1670 4134 1730 4186 et
1765 4144 1943 4187 verae
1982 4122 2126 4184 fidei
2154 4124 2427 4204 dogmata
2455 4143 2694 4205 propu-

550 4295 614 4364 1)
647 4296 878 4350 Graecas
901 4294 1170 4351 allusiones
1194 4293 1414 4352 reddere
1435 4311 1540 4351 ιιοιι
1570 4292 1738 4350 licuit.
1872 4290 1940 4363 2)
1985 4290 2207 4365 Sumne,
2238 4291 2421 4348 eadem
2449 4291 2694 4349 unta-it.

480 4364 546 4436 3)
580 4365 871 4422 Allusiones
894 4365 961 4421 ad
985 4364 1206 4422 nomina·
