3094 4876
794 367 1271 441 NICEPHORI
1308 370 1795 443 GREGORAE
1835 370 2191 465 ELOGIA.
2461 384 2581 437 ut

352 532 535 595 miles
582 531 693 594 tui
728 550 906 613 quam
937 529 1233 612 plurimos
1261 524 1527 612 quotidie
1563 532 1806 594 efficias.
1887 532 2085 612 Atque
2120 530 2241 592 hoc
2274 542 2348 593 tu
2373 533 2582 595 melius

349 619 490 700 ipse
542 639 741 699 quam
797 618 953 677 alius
985 616 1292 696 quisquam
1329 616 1813 699 philosopharis,
1859 639 1995 679 cum
2033 619 2373 679 benefacere
2404 641 2579 700 quam

351 705 526 765 affici
555 703 862 764 beneficio
894 704 1290 782 praestantius
1314 702 1692 785 diviniusque
1725 724 1849 764 esse
1874 704 2099 765 statuis.
2183 704 2331 763 Mihi
2360 715 2579 784 autem,

354 791 469 870 qui
520 810 743 850 earum
787 807 993 848 rerum
1039 788 1253 866 quibus
1292 788 1558 848 abundas
1606 791 1691 848 ita
1720 811 1853 849 sum
1894 799 2214 869 appetens,
2255 791 2581 865 uttormae

354 875 651 951 materia,
699 894 781 935 ne
823 874 1086 952 graveris
1132 893 1348 954 quaeso
1384 875 1744 954 respondere
1775 897 1965 956 pauca
1987 875 2134 935 haee
2153 876 2578 954 interroganti:

359 981 619 1040 quarum
666 959 1018 1019 tabularum
1064 979 1175 1038 ope
1203 979 1485 1019 numeros
1523 963 1953 1021 astronomicos
1982 971 2328 1041 computare
2356 963 2577 1039 soleas,

364 1066 665 1123 quaenam
709 1066 746 1102 a
791 1052 854 1102 te
900 1053 1201 1122 ponantur
1227 1044 1518 1124 epochae,
1565 1055 1624 1103 et
1653 1047 1890 1124 quando
1927 1067 2029 1104 eae
2058 1046 2317 1126 primum
2348 1045 2581 1126 positae

365 1131 634 1190 fuerint:
682 1137 978 1209 quantum
1020 1128 1092 1187 ab
1132 1129 1257 1187 illis
1304 1127 1549 1209 epochis
1588 1130 1663 1188 ad
1701 1129 1862 1189 hunc
1900 1130 2060 1190 diem
2100 1151 2291 1210 usque
2342 1142 2578 1211 tempus

367 1215 642 1275 fluxerit.
724 1215 934 1293 Neque
962 1214 1118 1272 enim
1150 1223 1298 1293 puto
1323 1223 1386 1273 te
1418 1216 1507 1274 uti
1539 1214 1946 1292 Ptolemaicis,
1989 1236 2139 1295 quae
2170 1225 2438 1275 exactam
2461 1238 2578 1276 ve·-

376 1299 620 1360 ritatem
647 1300 826 1377 longo
857 1308 1127 1378 tempore
1158 1300 1504 1359 amiserunt.
1589 1300 1736 1360 Item
1767 1301 1862 1360 cui
1893 1301 2122 1361 auctori
2154 1301 2360 1361 credas
2388 1302 2453 1361 in
2492 1302 2580 1361 iu-

391 1384 560 1444 diciis
609 1383 1009 1463 astrologicis,
1054 1385 1477 1459 Ptolemaeone
1504 1386 1651 1459 soli,
1700 1407 1774 1445 an
1818 1396 1876 1446 et
1924 1387 2026 1445 alii
2071 1385 2344 1466 cuipiam.
2428 1388 2580 1449 Nam

390 1467 550 1545 ltali,
592 1470 947 1548 quibuscum
989 1468 1159 1528 nobis
1187 1471 1355 1530 sedes
1386 1471 1716 1531 communis
1756 1471 2001 1549 obtigit,
2051 1481 2258 1535 neutra
2293 1472 2357 1531 in
2386 1482 2575 1552 parte,

385 1573 492 1612 nec
518 1555 581 1612 in
609 1554 1041 1634 speculatione,
1081 1574 1193 1613 nec
1220 1554 1283 1614 in
1311 1557 1506 1636 praxi,
1538 1556 1936 1616 Ptolemaeum
1967 1556 2180 1616 ducem
2211 1566 2571 1635 sequuntur3

382 1639 931 1700 sedreoentioribus
958 1648 1026 1698 ut
1052 1640 1379 1719 plurimum
1403 1641 1865 1703 adhaerescunt:
1895 1662 2007 1701 nec
2035 1641 2304 1700 contenti
2332 1642 2571 1719 tabulis,

383 1744 528 1804 quae
576 1746 609 1784 a
639 1723 1050 1784 Mohammede
1094 1725 1329 1785 initium
1366 1726 1628 1801 ducunt,
1671 1728 1875 1786 multis
1902 1737 2202 1807 praeterea
2227 1727 2355 1786 aliis
2380 1736 2573 1786 utun-

383 1818 501 1869 tur.
578 1811 739 1869 Haec
780 1820 852 1869 tu
885 1811 981 1868 fac
1018 1819 1178 1869 certo
1228 1810 1440 1870 sciam.
1484 1832 1556 1870 ac
1587 1813 1639 1871 si
1665 1812 1792 1872 fien·
1826 1822 2040 1895 potest,
2089 1813 2263 1871 etiam
2296 1810 2571 1892 Psepho-

386 1894 507 1954 riae
541 1896 772 1973 regulas
804 1891 857 1979 ¹)
900 1892 1011 1977 (ita
1039 1895 1234 1955 Latini
1270 1906 1488 1956 vocant
1514 1907 1828 1977 praecepta
1856 1897 2264 1976 computandi)
2311 1897 2448 1956 iube
2491 1897 2570 1958 ad

382 1998 478 2038 me
520 1981 905 2060 transcriptas
942 1980 1138 2055 mitti,
1182 1990 1254 2040 ut
1292 1981 1436 2041 istas
1461 1984 1692 2079 possim·
1728 2002 1861 2040 cum
1889 1983 2133 2041 illorum
2163 1982 2387 2060 regulis
2417 2003 2570 2042 con-

384 2065 553 2123 ferre.
624 2066 868 2124 Scilicet:
897 2086 1029 2141 nos,
1079 2065 1179 2145 qui
1217 2067 1580 2146 praeclaram
1608 2066 1915 2126 scientiam
1944 2076 2228 2140 extremo,
2272 2075 2344 2125 ut
2380 2067 2568 2139 aiunt,

396 2148 572 2227 digito
606 2150 912 2209 delibatam
947 2150 1348 2227 gustavimus,
1390 2151 1772 2212 incendimur
1805 2152 2043 2230 quidem
2076 2149 2371 2210 desiderio
2395 2152 2570 2231 plura

404 2232 654 2293 discendi
667 2257 685 2312 3
723 2247 778 2294 at
814 2234 952 2314 quia
986 2234 1155 2294 libris
1185 2256 1474 2311 caremus,
1517 2236 1653 2295 ideo
1689 2236 1830 2295 inde
1856 2236 2222 2315 repellimur,
2264 2254 2381 2315 quo
2411 2236 2569 2315 aspi-

398 2336 600 2378 ramus.
676 2320 909 2400 ltaque,
952 2320 1050 2379 vir
1078 2320 1610 2399 praestantissime,
1652 2342 1799 2400 quae
1827 2322 1950 2380 sint
1984 2341 2115 2380 mea
2150 2321 2351 2381 studia
2381 2321 2566 2380 intel-

392 2401 533 2481 ligis,
559 2413 732 2485 atque
764 2405 915 2466 adeo
944 2405 1086 2483 quid
1113 2405 1194 2466 sit
1219 2426 1336 2484 quo
1365 2405 1656 2487 indigeam
1684 2407 1988 2486 explorate
2004 2405 2326 2486 cognoscis.
2370 2406 2568 2468 Tuum

385 2500 469 2548 est
514 2490 726 2568 igitur,
812 2492 930 2551 uod
959 2490 1023 2549 in
1057 2500 1119 2550 te
1154 2492 1299 2566 erit,
1342 2492 1526 2589 mihi,
1573 2493 1674 2570 qui
1702 2494 2127 2553 remotissimus
2163 2492 2345 2571 dego,
2390 2514 2562 2572 opem

377 2575 558 2650 ferre3
603 2513 1083 2656 quandoquidem
1113 2575 1190 2635 ad
1229 2577 1428 2636 omnia
1473 2577 1708 2637 civibus
1743 2578 1864 2637 tuis
1890 2599 2044 2640 unus
2087 2578 2331 2638 sufficis.
2416 2579 2567 2639 Vive

376 2669 439 2719 et
474 2661 637 2736 vale,
688 2663 965 2721 Graeciae
1010 2662 1211 2720 lumen
1260 2662 1694 2737 clarissimum,-
1754 2664 1930 2723 altius
1987 2663 2254 2743 quotidie
2300 2684 2567 2745 progre-

373 2744 546 2824 dere,
589 2756 651 2807 et
676 2767 778 2808 eos
807 2746 914 2827 qui
943 2746 1103 2806 infra
1134 2746 1334 2808 iacent
1360 2748 1437 2807 ad
1462 2757 1520 2808 te
1543 2749 1744 2829 ipsum
1776 2746 2027 2809 attrahe.

694 2912 780 2980 Π.
822 2911 1013 2980 Κατὰ
1050 2916 1184 2980 τῶν
1223 2911 1344 2981 τοῦ
1386 2918 1693 3002 Γρηγορᾶ
1734 2910 2125 3002 ληρημάτων
2152 2912 2234 3001 ²).

533 3030 604 3097 Ὀ
634 3031 701 3098 δὲ
734 3029 1081 3116 ’σοφώτατος
1116 3040 1458 3118 Γρηγορᾶς,
1500 3057 1701 3120 ωσπερ
1741 3034 1854 3099 οὐκ
1882 3031 2231 3141 α’ρκούντων
2259 3028 2563 3141 αὕτῷῑῶν

370 3120 724 3194 Βυζαντίων
754 3122 840 3195 εἰς
867 3126 1099 3224 θαῦμα,
1138 3120 1240 3184 καὶ
1270 3122 1738 3195 Θεσσαλονικέας
1763 3116 1962 3203 §wyse
1986 3117 2141 3202 πρὸς
2165 3142 2308 3194 τους
2331 3097 2562 3224 ῧμνους

358 3202 509 3278 τους
538 3203 759 3267 ἑαυτοῦ
771 3251 788 3282 ,
830 3200 1145 3288 γράμματα
1164 3205 1419 3284 πέμπων
1457 3207 1562 3268 καὶ
1573 3212 1950 3313 προσκυνεῖν
1979 3202 2246 3309 μόνονού
2273 3199 2556 3283 κελεύων,

359 3286 593 3395 ἄνδρας
626 3290 980 3374 ἐλευθέρους
991 3290 1094 3354 καὶ
1127 3288 1315 3392 μηδὲν
1336 3285 1563 3364 εἰδότας
1589 3316 1628 3371 η
1603 3286 1909 3373 Ηλὲγειν
1864 3316 1904 3371 η
1914 3285 2216 3397 πράττειν
2238 3287 2389 3396 πρός
2413 3288 2557 3371 ’ἦδο-

359 3371 484 3455 νήν
514 3370 722 3438 ov’devl
755 3418 997 3437 ......
1034 3369 1329 3454 Θαυμᾶζω
1362 3373 1427 3438 δὲ
1458 3380 1742 3482 πρῶτον,
1775 3377 1832 3439 εἰ
1857 3371 1968 3456 τήν
2012 3380 2278 3483 γλωτταν
2300 3370 2557 3458 η’γνόησε

357 3463 477 3522 τοῦ
498 3466 861 3538 θαυμαστοῦ
891 3463 1342 3539 Θεσσαλονίκης,
1370 3459 1470 3523 καὶ
1497 3484 1564 3523 το
1595 3455 1742 3542 παρ’
1773 3462 2036 3568 ἐκείνης
2024 3455 2164 3523 κατ’
2188 3456 2381 3524 αὐτοῦ
2399 3480 2555 3541 πυρ·

361 3544 569 3607 ἔπειτα
597 3546 652 3608 εἰ
676 3540 1077 3652 προσεδόκησε
1099 3569 1262 3651 παρα
1248 3543 1763 3609 Θεσσαλονικέων
1777 3551 1971 3622 καλως
1995 3541 2284 3609 ἄκουσαι·
2314 3549 2376 3608 οἳ
2403 3568 2556 3623 φαυ-

356 3623 616 3692 λότατόν
630 3652 692 3691 τε
709 3625 910 3708 enimv,
931 3655 1042 3694 ουκ
1061 3625 1239 3693 οἷὸ’”’
1208 3654 1387 3708 οπως,
1401 3626 1589 3694 παλαι
1614 3630 1875 3735 ἦγοῦντο
1901 3656 2018 3714 την
2035 3634 2118 3705 εἰς
2141 3628 2350 3736 λόγους
2373 3624 2557 3691 δυνα-

358 3737 489 3820 μιν,
519 3710 601 3791 ἢν
627 3714 1047 3823 ἐπαγγέλλεται
1050 3720 1336 3779 τοσουτον
1364 3713 1486 3797 ἤδη
1526 3713 1777 3817 χρόνον·
1807 3717 1911 3779 καὶ
1938 3722 2057 3779 νῦν
2084 3717 2220 3795 περὶ
2249 3712 2357 3777 τόν
2383 3711 2555 3789 θεον,

357 3792 559 3878 ἆσεβῆ
590 3844 781 3860 .....
818 3801 942 3863 Καὶ
986 3797 1051 3864 τό
1081 3819 1383 3884 συνταγμα
1433 3795 1663 3881 πολλήν
1706 3826 1841 3865 τινα
1870 3802 2346 3879 καταψηφίζεται
2374 3793 2559 3877 ζάλην

357 3879 787 4032 {Yffl'fflss
804 3891 1106 4032 ῗὶφαληῗῑ
1138 3881 1622 4034 ’ἑτῖζῖἷοἜΫξΨ
1650 3881 2558 4034 ῗαῖωἶτῗῖοἶῖῗρῖἠῗὲἰῗ””

661 3996 698 4032 α
866 3996 986 4033 ωτα
1535 3997 1572 4032 α
1704 3997 1740 4032 α
1802 3997 1839 4033 α
2520 4002 2558 4014 -

357 3993 711 4159 γρᾶμέἒτος
750 3995 1082 4137 gnosum,
1108 3994 1227 4119 ίόιαὶ
1270 3997 1384 4133 522
1419 3995 1849 4119 δεῖκίλεῒν’
1771 4080 1888 4119 ουκ
1921 3995 2402 4162 ἔχομεν,μωσπερ
2434 3993 2558 4118 τοῖν

357 4162 526 4221 παρα
569 4135 764 4219 φυσιν
804 4140 1289 4225 γεννωμένων..
1320 4184 1335 4201 .
1366 4185 1381 4202 .
1412 4185 1428 4201 .
1443 4136 1693 4204 Ἔπειτα
1734 4140 1837 4205 καὶ
1866 4143 1924 4206 εἴ
1946 4166 2035 4216 τις
2065 4136 2380 4222 ἀνάσχοιτο
2406 4136 2557 4203 nard

427 4304 493 4373 1)
538 4305 625 4359 Ex
665 4307 875 4363 Graeco
818 4309 1279 4436 ψηἭορίαι
1351 4309 1523 4394 Atque
1563 4308 1685 4363 hine
1719 4310 1942 4364 fortasse
1980 4310 2176 4380 Sipha
2215 4323 2307 4361 seu
2339 4307 2402 4360 C·
2379 4307 2554 4377 1³1³·ae-

493 4375 558 4442 2)
593 4375 727 4432 Vide
747 4380 998 4452 opuscula
1080 4378 1232 4435 ‘colai
1258 4377 1563 4445 Cabamlae,
1596 4378 1710 4434 cod.
1736 4381 1872 4451 Reg.
1905 4382 2064 4437 2965.
2097 4378 2190 4434 fol.
2215 4378 2337 4434 282.
