3094 4876
751 339 1224 416 NICEPHORI
1262 341 1750 415 GREGORAE
1788 345 1963 417 ELO
1970 345 2150 416 GIA.
2361 362 2554 413 nxvu

312 506 381 561 et
423 506 818 560 caeterorum
839 499 1166 562 discrimen
1196 501 1441 563 evidens
1470 501 1696 564 fecisti.
1778 503 1929 564 Nam
1951 506 2019 565 in
2044 504 2260 584 quibus
2286 510 2548 590 particu-

306 585 484 643 latim
512 584 789 665 quisque
814 586 1200 668 praecipuam
1229 596 1289 647 et
1315 587 1677 666 singularem
1706 610 1948 671 operam
1978 603 2341 672 posuerunt,
2377 594 2441 654 in
2468 596 2545 657 iis

309 670 623 749 quosdam
674 691 1096 752 superffiessus
1136 692 1230 750 es,
1276 693 1411 733 cum
1453 673 1583 734 aliis
1617 674 1696 735 de
1731 676 1931 756 palma
1955 677 2347 756 contendisti3
2389 701 2546 742 nus·-

310 776 497 833 quam
540 756 712 815 infra
736 757 968 836 primos
995 757 1339 817 substitisti:
1383 758 1606 835 immo,
1644 769 1719 819 ut
1742 760 2081 821 summatim
2113 761 2342 841 dicam,
2385 785 2545 830 unus

306 838 431 899 hos
459 860 685 901 omnes
708 862 779 902 re
806 841 943 921 ipsa
971 842 1292 925 superasti,
1338 864 1407 904 eo
1437 844 1602 924 quod
1629 845 1704 904 ab
1726 846 1846 906 illis
1880 846 2164 926 pleraque
2186 849 2540 929 multiplicis

313 925 641 987 doctrinae
674 946 899 1006 genera
935 928 1203 1007 neglecta
1236 937 1414 1003 sunt;
1459 939 1533 989 tu
1565 949 1707 990 vero
1733 930 2015 991 universa
2054 930 2231 993 sitnul
2254 955 2539 1014 perscru-

313 1019 479 1070 tatus
528 1031 633 1089 es,
684 1021 747 1072 et
780 1032 860 1073 ex
895 1013 1059 1073 omni
1103 1013 1461 1074 eruditionis
1496 1024 1667 1095 parte
1691 1016 1925 1076 fructus
1953 1015 2203 1079 eximios
2230 1020 2544 1099 produxi-

320 1097 427 1172 sti,
468 1094 785 1177 hebesque
825 1096 902 1157 ab
949 1099 1114 1159 omni
1152 1098 1404 1159 scientia
1452 1099 1672 1159 famam
1702 1110 1762 1160 et
1787 1122 2042 1178 nomen3
2087 1102 2175 1163 sic
2204 1113 2276 1164 ut
2299 1113 2545 1186 poetam

322 1190 404 1256 te,
455 1192 782 1259 oratorem,
827 1182 1177 1265 sophistam,
1219 1182 1598 1261 historicum,
1641 1194 1703 1245 et
1744 1186 1878 1247 aliis
1915 1186 2166 1266 singulis
2197 1190 2540 1252 nominibus

327 1266 382 1325 si
410 1266 550 1344 quis
578 1268 930 1348 compellet,
971 1270 1024 1330 is
1069 1290 1104 1329 a
1144 1288 1290 1330 vero
1323 1271 1709 1331 aberraturus
1743 1291 1869 1332 non
1896 1272 1996 1332 sit.
2079 1272 2204 1332 Iam
2230 1275 2302 1332 ab
2332 1275 2541 1356 philo-

335 1350 580 1430 sophia,
622 1354 1009 1415 scientiarum
1052 1355 1468 1434 augustissima
1485 1400 1503 1431 ‚
1561 1357 1699 1436 quis
1740 1376 1885 1418 vere
1931 1365 2023 1417 est
2075 1357 2486 1420 denominatus
2505 1362 2541 1422 Ἰ

340 1436 549 1495 Nonne
587 1438 676 1515 is,
716 1439 825 1519 qui
863 1460 994 1500 non
1015 1441 1215 1501 solum
1246 1460 1313 1502 re
1341 1437 1439 1523 (ut
1464 1441 1552 1500 ita
1582 1440 1808 1524 dicam)
1835 1439 2237 1523 philosophus
2257 1454 2380 1519 est,
2431 1428 2554 1506 sets

344 1520 439 1579 cui
460 1520 577 1582 hoc
606 1544 828 1583 nomen
860 1522 918 1602 1)
964 1525 1039 1586 ab
1070 1525 1346 1586 omnibus
1370 1547 1482 1607 pro
1513 1526 1630 1586 alia
1662 1527 1875 1606 quavis
1895 1527 2299 1617 appellatione
2327 1530 2541 1592 tribui-

337 1607 479 1666 tur?
518 1608 700 1669 Multi
748 1608 1167 1692 philosophiae
1211 1611 1606 1672 studuerunt:
1648 1633 1805 1672 uuus
1847 1622 1918 1675 tu
1941 1632 2165 1673 nomen
2198 1633 2275 1674 ex
2304 1634 2371 1674 ea
2398 1636 2542 1676 sor—-

334 1691 478 1752 titus
509 1715 571 1753 es
595 1694 904 1756 eximium.
989 1696 1228 1757 Etenim
1266 1716 1468 1757 rerum
1501 1698 1900 1775 coguitionem
1929 1706 2156 1759 certam
2189 1699 2302 1759 tibi
2326 1700 2540 1780 provi-

340 1777 476 1837 dere
516 1790 575 1839 et
615 1779 837 1840 harum
867 1801 1074 1842 causas
1122 1782 1387 1862 perfecte
1427 1782 1746 1862 explorare
1779 1803 1919 1844 cum
1949 1784 2136 1845 velles
2152 1829 2171 1860 ,
2211 1783 2539 1866 physiolo-

340 1862 493 1940 giam
516 1864 755 1943 quidem
772 1865 1134 1944 universam,
1165 1865 1624 1946 ettheologiam,
1652 1876 1714 1927 et
1741 1868 1965 1947 logicas
1989 1870 2535 1947 argumentationes

336 1948 670 2027 diligentius
692 1952 1134 2032 pet-vestigati,
1178 1972 1354 2031 quam
1384 1972 1453 2012 ea
1479 1972 1635 2031 quae
1659 1952 1953 2013 dicuntur
1981 1953 2322 2015 rudimenta
2351 1956 2538 2035 primi

337 2052 659 2112 puerorum
696 2037 995 2101 doctores.
1081 2037 1239 2096 Tum
1278 2035 1666 2097 scientiarum
1705 2037 2130 2117 primariarum
2173 2059 2279 2098 seu
2304 2038 2536 2100 mathe-

342 2128 563 2199 matum
591 2122 781 2181 studio
811 2121 879 2180 id
908 2131 1263 2203 assequutus
1306 2118 1367 2181 es
1381 2165 1398 2196 ,
1442 2130 1517 2180 ut
1555 2120 1700 2181 solis
1729 2132 1963 2181 motum
1990 2131 2049 2182 et
2073 2141 2345 2200 cursum,
2387 2125 2536 2184 reli-

354 2222 603 2280 quorum
647 2206 897 2269 siderum
933 2216 1289 2288 potestates,
1334 2206 1522 2267 totius
1564 2205 1778 2266 mundi
1820 2215 1883 2267 et
1910 2206 2174 2287 partium
2219 2207 2347 2268 eius
2372 2207 2537 2271 inter

357 2307 423 2346 se
448 2309 825 2352 connexarum
856 2303 1249 2369 concentum,
1292 2290 1778 2372 dispositionem,
1819 2292 2308 2373 proportionem,
2346 2296 2533 2374 magis

355 2392 515 2453 quam
541 2376 686 2437 alius
708 2378 1028 2459 quisquam
1053 2377 1434 2457 iutelligeres.
1519 2376 1690 2452 Quae
1711 2387 1785 2437 tu
1812 2377 2087 2438 docendo
2121 2399 2256 2440 cum
2292 2399 2533 2442 enarres

345 2469 405 2518 et
440 2462 707 2541 plurimis
755 2464 1069 2544 discipulis
1111 2464 1345 2542 tradas,
1391 2463 1642 2542 singulis
1677 2484 1792 2544 pro
1829 2484 1937 2524 suo
1963 2474 2148 2545 captu
2175 2465 2532 2547 accipienti-

336 2544 478 2623 bus,
514 2568 641 2608 non
682 2549 839 2610 sines
872 2548 1317 2630 philosophiam
1339 2594 1358 2626 ‚
1408 2549 1581 2609 cuius
1631 2548 1722 2609 rei
1766 2548 2061 2629 possessio
2114 2549 2344 2611 homiui
2373 2551 2531 2631 pul-

332 2629 624 2692 cherrima
649 2643 757 2712 est,
782 2635 1027 2714 penitus
1059 2655 1136 2694 ex
1158 2633 1502 2695 hominibus
1529 2632 1828 2695 sublatam
1855 2634 2165 2696 obscurari
2180 2658 2199 2697 z
2224 2637 2330 2696 sed
2355 2637 2530 2698 libris

325 2718 535 2778 maiori
590 2719 1017 2799 perspicuitate
1056 2720 1403 2801 compositis
1446 2719 1824 2799 quorundam
1860 2719 2112 2781 obscure
2145 2721 2306 2782 dicta
2333 2724 2526 2784 refor-

320 2803 540 2875 mabis,
580 2805 1301 2886 interpretationibusque
1342 2814 1403 2865 et
1442 2804 1774 2886 praeceptis
1813 2805 2118 2866 auditores
2150 2805 2238 2866 ita
2268 2805 2524 2882 erudies,

318 2897 395 2948 ut
448 2909 579 2948 eam
639 2891 952 2951 scientiam
1007 2889 1344 2972 posteritati
1395 2889 1712 2951 florentem
1752 2889 2212 2951 transmissurus
2249 2892 2352 2950 sis.
2436 2892 2526 2950 Ac

314 2974 604 3036 nonnulli
634 2976 875 3055 quidem
904 2987 1171 3038 oratores
1186 3020 1207 3053 ,
1248 2997 1387 3037 cum
1412 2975 1654 3056 ingenio
1682 2976 1877 3036 minus
1916 2975 2219 3053 valerent,
2262 2975 2525 3036 dicendo

313 3058 493 3138 longe
536 3061 987 3140 praestiterunt.
1074 3061 1198 3123 Alii
1236 3071 1450 3122 contra
1490 3060 1868 3141 intelligendi
1911 3061 2197 3121 facultate
2229 3061 2528 3139 pollentes

309 3144 457 3205 rudi
494 3155 559 3204 et
606 3146 1008 3227 incomposito
1056 3166 1328 3207 sermone
1367 3147 1459 3206 usi
1490 3155 1652 3206 sunt.
1735 3145 2044 3219 Quosdam
2072 3145 2311 3220 videas,
2348 3145 2527 3206 etiam

312 3230 485 3310 quod
526 3231 606 3290 ad
650 3232 1094 3309 grammaticam
1134 3241 1322 3292 artem
1352 3231 1605 3309 attinet,
1647 3229 1801 3290 nihil
1845 3231 1918 3289 ab
1957 3228 2079 3300 illis
2111 3229 2373 3308 differre,
2417 3230 2527 3310 qui

308 3313 563 3375 minime
601 3316 775 3396 loqui
828 3318 1067 3391 sciunt,
1106 3326 1180 3377 ut
1227 3317 1303 3377 iis
1345 3316 1534 3395 magis
1563 3315 1847 3396 expediat
1889 3314 2098 3392 silere,
2145 3336 2326 3396 quam
2357 3316 2525 3397 turpi

308 3400 693 3480 ignorantiae
741 3401 989 3462 crimine
1029 3402 1218 3482 argui.
1302 3403 1397 3462 Tu
1440 3400 1715 3461 doctriua
1757 3409 1819 3460 et
1861 3399 2102 3479 ingenio
2144 3420 2247 3461 eos
2287 3401 2395 3480 qui
2431 3400 2527 3460 his

306 3486 493 3545 rebus
528 3485 981 3547 instructissimi
1020 3490 1303 3561 fuerunt,
1344 3487 1628 3548 facundia
1667 3495 1729 3546 et
1782 3486 2106 3547 verborum
2144 3487 2383 3546 delectu
2422 3506 2525 3546 eos

311 3572 423 3650 qui
456 3572 523 3630 in
566 3569 686 3631 hac
729 3582 900 3652 parte
936 3574 1355 3633 excelluerunt
1392 3573 1725 3632 aemulatus
1761 3591 1846 3632 es.
1929 3570 2141 3651 Itaque
2181 3580 2348 3631 tuam
2395 3571 2526 3630 elo-

312 3656 626 3734 quentiam
672 3678 751 3716 ex
791 3657 939 3738 ipsis
985 3658 1159 3737 quasi
1196 3656 1390 3718 hortis
1425 3656 1643 3717 Atticis
1669 3657 2065 3737 prodeuntem
2090 3657 2158 3715 in
2192 3677 2304 3715 nos
2346 3656 2528 3716 iuva·-

310 3740 457 3800 dere
484 3741 797 3819 sentimus,
840 3743 1073 3822 quoties
1104 3742 1293 3803 libros
1321 3751 1459 3802 tuos
1490 3743 1555 3801 in
1598 3761 1809 3802 manus
1827 3741 2159 3801 sumimus:
2205 3759 2277 3799 ac
2301 3759 2527 3800 sermo·-

308 3845 459 3884 num
510 3836 764 3886 tuorum
822 3827 1122 3889 illecebris
1171 3827 1341 3888 velut
1378 3826 1671 3888 machinis
1713 3827 2070 3908 quibusdam
2114 3824 2275 3904 capti
2316 3845 2525 3886 omnes

311 3922 760 3992 expugnantur,
785 3923 1100 3992 propterea
1126 3914 1289 3993 quod
1315 3913 1693 3973 efflorescens
1720 3933 1797 3973 ex
1825 3912 1906 3974 iis:
1920 3914 2089 3992 lepos
2120 3920 2180 3970 et
2201 3910 2527 3972 verborum

312 4006 637 4076 apparatus
674 3997 1142 4080 speciosissimus
1184 3998 1515 4059 auditorem
1538 3997 1834 4060 alliciunt.
1919 3998 2129 4077 Neque
2153 4017 2299 4056 vero
2327 3997 2523 4055 multa

308 4088 376 4141 te
401 4082 661 4142 eruditio
706 4082 1055 4164 prohibuit,
1102 4104 1178 4143 ne
1207 4084 1501 4144 orationes
1533 4104 1713 4163 quam
1739 4083 1965 4163 optime
2002 4082 2369 4156 elaborares,
2410 4100 2528 4142 nec

314 4186 653 4228 sermonem
698 4179 877 4230 tuum
924 4171 1054 4231 ulla
1088 4170 1223 4231 labe
1278 4170 1552 4250 corrupit
1567 4214 1590 4246 ,
1644 4168 1850 4230 eiusve
1905 4167 2268 4251 expolitioni
2309 4166 2529 4244 obfuit,

383 4348 445 4419 1)
487 4350 764 4422 cregan-
800 4351 1146 4425 mmpsu
1176 4367 1275 4424 per
1305 4347 1710 4410 mmmmm
1739 4347 1934 4407 diem.
