3094 4876
530 376 623 426 xx
965 359 1437 433 mcEPHom
1490 359 1971 431 cREcoaAE
2019 362 2255 434 vrrA.
2323 304 2340 313 ’

532 543 670 588 eum
702 521 848 587 facit
884 521 1225 606 patriarcha
1257 521 1607 584 Philotheus
1649 523 1716 583 in
1744 521 2166 584 Antirrheticis
2197 519 2272 605 ¹).
2342 521 2475 606 Ipse
2499 521 2564 584 in
2590 521 2727 584 dia-

531 612 668 690 logo
698 609 771 670 de
797 613 1112 690 Sapientia
1152 620 1335 670 vocat
1377 630 1440 669 se
1485 609 1916 671 Heracleotam.
2002 609 2380 670 Avunculum
2410 619 2569 671 certe
2608 607 2726 668 ha-

532 697 667 756 buit
701 697 979 756 loannem
1011 693 1071 778 ²)
1114 696 1433 756 Heracleae
1475 695 2043 776 metropolitanum,
2087 694 2211 754 eius
2266 696 2527 773 scilicet,
2572 713 2727 775 quae

532 780 814 842 Heraclea
852 782 1028 843 Ponti
1067 781 1291 841 dicitur
1331 789 1390 840 et
1434 780 1546 839 sita
1587 789 1675 840 est
1718 780 1786 839 in
1825 779 2046 839 finibus
2090 778 2538 859 Paphlagoniae.
2637 780 2726 840 De

531 866 881 949 parentibus
911 867 1157 947 aliisque
1191 866 1456 945 cognatis
1484 864 1639 926 nibil
1669 864 1985 925 memoriae
2026 866 2330 945 proditum
2359 875 2469 927 est.

700 953 774 1011 In
828 972 893 1011 ea
954 951 1103 1012 urbe
1161 952 1449 1012 educatus
1489 950 1683 1031 prima
1726 950 1976 1032 puerilis
2020 950 2330 1010 doctrinae
2383 950 2728 1010 rudimenta

536 1034 648 1098 sub
701 1037 963 1097 antistite
1020 1037 1320 1098 avunculo
1361 1038 1587 1120 posuit.
1692 1037 1840 1097 Inde
1873 1033 1928 1117 8)
1993 1038 2319 1096 translatus
2368 1036 2730 1116 Byzantium

531 1122 783 1182 tradidit
810 1142 872 1182 se
898 1123 965 1181 in
994 1123 1376 1205 disciplinam
1419 1122 1797 1203 patriarchae
1827 1123 2064 1182 loannis
2097 1123 2387 1203 Glyceos‚
2428 1121 2534 1203 qui
2563 1120 2729 1203 apud

531 1207 696 1266 illius
739 1206 869 1267 aevi
904 1207 1182 1269 homines
1231 1207 1659 1269 disertissimus
1703 1218 1763 1269 et
1801 1208 1986 1267 Attici
2013 1209 2304 1268 sermonis
2331 1207 2727 1288 peritissimus

532 1291 861 1353 habebatur
886 1290 965 1374 4).
1049 1294 1193 1354 Eius
1237 1303 1434 1354 autem
1480 1292 1786 1374 pontificis
1829 1294 2262 1352 consuetudine
2292 1294 2595 1354 studiosus
2624 1292 2730 1351 iu·-

531 1378 703 1438 venis
727 1376 784 1459 ⁵)
847 1388 1160 1458 tantopere
1211 1372 1643 1454 delectabatur,
1702 1387 1771 1436 ut
1804 1377 1912 1436 diu
1946 1386 2252 1456 noctuque
2290 1377 2363 1435 ab
2418 1379 2580 1438 illius
2623 1396 2730 1438 ore

532 1463 839 1544 penderet.
917 1464 1194 1524 Vicissim
1236 1464 1355 1545 ipsi
1383 1459 1760 1542 patriarchae
1800 1462 1887 1521 sic
1917 1462 2202 1543 discipuli
2233 1462 2407 1522 stilus
2432 1462 2728 1542 placebat,

531 1557 605 1608 ut
650 1568 785 1608 eum
803 1594 820 1624 ‚
870 1548 1052 1628 longo
1096 1549 1304 1608 morbo
1358 1545 1697 1607 debilitatus
1727 1544 1782 1627 ο)
1797 1592 1815 1625 ,
1859 1556 2278 1607 testamentum
2323 1547 2435 1607 sibi
2469 1546 2729 1607 scribere

535 1643 597 1695 et
626 1653 982 1713 componere
1009 1634 1242 1692 iusserit
1268 1629 1347 1710 ⁷).

702 1720 786 1776 Ut
812 1718 876 1775 in
902 1717 1220 1778 rhetoricis
1263 1715 1692 1798 patriarcham,
1740 1716 1826 1776 ita
1865 1717 1930 1777 in
1985 1717 2402 1778 astronomicis
2448 1736 2729 1797 magnum

530 1800 919 1881 Logolhetam
958 1803 1305 1881 magistrum
1357 1802 1747 1862 excellentem
1786 1802 2014 1862 habuit.
2094 1804 2240 1863 Erat
2275 1803 2329 1862 is
2375 1802 2729 1863 Theodorus

531 1886 915 1949 Metochites:
960 1887 1065 1966 qui
1097 1887 1336 1967 quidem
1375 1887 1553 1948 initio
1575 1933 1593 1964 ,
1638 1887 1766 1947 sive
1799 1889 2096 1967 Gregorae
2129 1887 2518 1947 adolescentis
2551 1889 2728 1965 inge-

530 1972 702 2033 nium
727 1972 993 2033 nondum
1023 1981 1414 2053 pernoverat‚
1458 1973 1585 2033 sive
1612 1994 1831 2033 arcana
1856 1973 2242 2035 scientiarum
2271 1982 2491 2033 temere
2519 1972 2727 2032 divul-

530 2058 661 2143 gari
704 2058 868 2117 nefas
908 2058 1193 2138 putabat,
1222 2058 1475 2139 parcius
1529 2078 1665 2118 cum
1707 2078 1775 2118 eo
1823 2058 2308 2137 colloquebatur,
2361 2078 2475 2117 nec
2522 2076 2728 2118 rerum

533 2143 932 2223 cognitionem
975 2144 1269 2222 integram
1302 2144 1356 2203 ei
1397 2142 1889 2204 communicabat.
1974 2144 2201 2205 Deinde
2228 2143 2420 2203 enixis
2448 2142 2727 2223 precibus

534 2238 595 2289 et
623 2228 700 2287 ad
726 2227 1206 2310 persuadendum
1240 2230 1572 2308 composita
1611 2230 1874 2290 eiusdem
1905 2230 2172 2289 oratione
2217 2230 2415 2289 victus
2467 2228 2732 2308 perfecte

532 2321 595 2372 et
621 2314 918 2373 cumulate
959 2313 1015 2372 ei
1042 2314 1240 2372 omnia
1280 2314 1625 2373 reconditae
1652 2317 1796 2374 artis
1823 2325 2144 2396 praecepta
2169 2314 2420 2373 tradidit
2445 2312 2520 2392 ⁸).
2565 2311 2734 2386 Quin

531 2405 594 2457 et
620 2415 753 2457 eum
771 2396 1077 2474 doctrinae
1087 2396 1367 2459 heredem
1396 2417 1429 2456 a
1452 2418 1517 2458 se
1543 2398 1886 2459 institutum
1908 2399 2276 2482 praedicavit
2301 2418 2424 2459 non
2449 2398 2632 2459 semel
2643 2394 2729 2475 ⁹)5

530 2481 713 2562 idque
752 2482 821 2541 in
860 2483 933 2543 iis
970 2482 1275 2560 versibus,
1320 2504 1474 2563 quos
1511 2486 1654 2544 exul
1682 2485 1955 2564 scripsit,
1998 2485 2263 2565 apertius
2289 2486 2587 2564 professus
2618 2489 2725 2541 est.

530 2566 713 2627 Tanti
743 2566 1000 2647 denique
1025 2569 1220 2647 ipsum
1252 2569 1424 2646 fecit,
1466 2579 1540 2628 ut
1566 2570 1768 2630 liberis
1796 2569 1919 2629 suis
1957 2590 2143 2649 paene
2171 2570 2532 2649 exaequarit.
2597 2566 2732 2627 Ita-

531 2672 649 2731 que
697 2653 1056 2712 monasterio
1098 2652 1331 2713 Chorae
1386 2655 1613 2733 magnis
1680 2654 2014 2736 sumptibus
2074 2655 2402 2716 instaurato
2421 2698 2440 2730 ‚
2498 2652 2731 2712 socium

530 2736 666 2796 illic
694 2746 756 2795 et
802 2737 1133 2798 adiutorem
1173 2758 1311 2798 eum
1347 2739 1423 2798 ad
1463 2740 1663 2799 omnia
1706 2740 1830 2801 fere
1861 2738 2070 2799 habuit
2095 2738 2212 2821 ¹⁰):
2264 2758 2470 2805 rerum
2502 2738 2731 2798 ibidem

531 2820 1090 2903 pretiosissimarum
1108 2824 1595 2904 procurationem
1621 2826 1673 2885 ei
1700 2828 1883 2886 vivus
1900 2825 2229 2898 commisit3
2261 2826 2522 2886 moriens
2559 2842 2733 2884 suam

534 2906 977 2986 quodammodo
1001 2908 1194 2968 vicem
1223 2929 1511 2990 suumque
1539 2911 1607 2971 iu
1654 2931 1722 2972 ea
1763 2912 1942 2974 domo
1980 2931 2199 2971 munus
2241 2910 2434 2971 eidem
2468 2908 2735 2970 admini-

534 2992 852 3053 strandum
893 2993 1116 3072 legavit
1147 2990 1249 3075 1¹).

705 3079 927 3138 Contra
960 3079 1249 3158 Gregoras
1289 3079 1647 3144 Metocbitae
1674 3080 1921 3158 liberos,
1961 3079 2156 3142 filium
2190 3101 2402 3163 nempe
2427 3089 2488 3142 et
2521 3079 2729 3153 filiam,

532 3161 771 3238 erudiit,
797 3172 856 3222 et
885 3163 1303 3225 obscurissima
1326 3187 1593 3247 quaeque
1607 3176 1875 3228 veterum
1892 3177 2210 3228 auctorum
2234 3169 2456 3249 scripta
2469 3166 2544 3227 iis
2560 3181 2731 3247 prae·

532 3246 679 3324 legit
702 3258 878 3326 atque
904 3249 1327 3329 interpretatus
1365 3262 1453 3311 est
1475 3250 1584 3333 12).
1671 3249 2050 3313 Metochitam
2077 3254 2278 3334 ipsum
2309 3251 2472 3313 omni
2496 3266 2729 3328 semper

498 3405 505 3414 ,
536 3331 725 3392 officii
746 3352 958 3411 genere
970 3334 1186 3395 coluit:
1210 3335 1577 3398 imminentis
1593 3338 1945 3400 calamitatis
1966 3349 2132 3400 metu
2144 3332 2731 3422 percuhumetaffli-

607 3528 672 3601 1)
716 3530 836 3587 Lib.
872 3549 969 3586 ΧΠ.
1017 3535 1131 3590 cod.
1176 3553 1287 3608 reg.
1328 3540 1480 3597 1996.
1512 3536 1605 3591 fol.
1638 3539 1763 3597 283.
1931 3539 1995 3606 2)
2043 3538 2125 3589 Gr
2192 3554 2309 3590 oras
2346 3535 2481 3589 nist.
2514 3532 2605 3587 lib.
2648 3548 2726 3586 tx.

673 3617 719 3654 c.
745 3603 798 3656 7.
901 3604 964 3670 3)
990 3606 1133 3659 Anno
1151 3607 1351 3660 Christi
1379 3622 1634 3661 ncccxvr.
1735 3605 1799 3674 4)
1834 3606 1917 3659 Eo
1943 3605 2077 3676 patri
2286 3607 2347 3657 A.
2375 3604 2728 3668 Cmcccxvn,

671 3686 784 3724 cum
813 3672 1134 3727 Andronicus
1159 3676 1444 3745 Imperator
1468 3673 1744 3728 Iustiniani
1763 3681 1984 3727 statuam
2014 3683 2332 3743 equestrem,
2365 3672 2507 3726 venti
2527 3672 2730 3741 impetu

669 3747 980 3860 Quasnam,
1014 3743 1185 3796 fulciri
1219 3753 1274 3797 et
1313 3746 1588 3798 columnam
1611 3744 1775 3827 ipsam
1816 3744 2131 3826 suppositam
2153 3743 2396 3827 resarciri
2422 3741 2730 3825 curavisset,

671 3824 1077 3934 legleggcagupness
1090 3812 1309 3934 hggtotis
1315 3814 1609 3935 gailttil‘aiua
1615 3813 1818 3935 cinai-{Ze
1825 3812 2429 3952 empllzgzwggu
2433 3812 2732 3951 effingat&

668 3959 906 3999 mensura
935 3949 1250 4018 quarundam
1278 3952 1495 4021 partium
1541 3952 1702 4004 totius
1737 3950 1942 4005 Colossi
1977 3950 2374 4019 magnitudinem
2411 3948 2730 4004 aestimavitz

674 4031 741 4066 ea
768 4016 971 4068 scilieet
1006 4035 1166 4087 opera
1205 4037 1314 4073 rem
1355 4021 1463 4074 anti
1498 4020 1659 4072 uariis
1696 4026 1897 4090 gratam
1929 4020 2103 4074 iacere
2145 4038 2203 4073 se
2230 4019 2525 4073 arbitratus.
2594 4017 2733 4071 Vide

672 4081 811 4137 Hist.
843 4084 932 4136 lib.
966 4102 1066 4140 vn.
1116 4104 1163 4144 c.
1210 4092 1291 4143 12.
1439 4039 1504 4157 53
1551 4091 1723 4143 Annos
1755 4095 1910 4143 natus
1947 4089 2157 4144 circiter
2182 4091 2267 4144 21.
2332 4089 2468 4142 Vide
2507 4089 2598 4141 lib.
2628 4102 2729 4141 vu.

673 4168 723 4204 c.
758 4155 842 4208 11.
875 4171 922 4210 s.
957 4158 1006 4209 1.
1144 4156 1208 4224 6)
1255 4158 1581 4211 Testamenti
1619 4158 1820 4212 scilicet
1861 4158 2154 4223 exordium,
2187 4156 2326 4229 quod
2360 4163 2506 4213 extat
2528 4157 2729 4212 Hister.

669 4219 761 4274 lib.
790 4237 908 4276 vm.
1047 4223 1112 4294 7)
1145 4227 1290 4278 Anno
1316 4227 1515 4281 Christi
1544 4244 1780 4282 mccxx.
1896 4225 1958 4295 8)
1992 4228 2106 4282 Lib.
2135 4244 2256 4281 vm.
2292 4245 2339 4281 c.
2370 4228 2422 4282 7.
2524 4229 2588 4294 9)
2616 4224 2713 4278 Lib

578 4375 589 4386 ι
673 4304 793 4412 33.
823 4309 876 4414 ἑ.
895 4293 954 4418 ἒ.
1093 4295 1193 4365 ιο)
1223 4295 1337 4352 mh.
1364 4312 1444 4354 xx.
1478 4312 1524 4349 e„
1556 4298 1642 4357 13.
1783 4295 1881 4367 11)
1914 4295 2027 4353 ub.
2057 4312 2195 4352 xm.
2230 4315 2280 4352 ο.
2306 4297 2364 4353 2.
2483 4296 2580 4365 12)
2614 4263 2732 4350 mhi
