3094 4876
583 295 705 350 xv1
1442 290 1556 360 10.
1596 291 1924 364 BOIVINI

582 455 741 509 tatae
768 455 943 522 aunt3
985 450 1266 530 quoniam
1287 470 1496 512 eorum
1529 451 1828 514 librorum
1841 496 1858 528 ,
1902 453 2113 534 quibus
2139 464 2379 518 constat
2402 456 2508 519 hic
2527 459 2769 539 Tomus,

583 551 825 612 unicum
847 553 1155 637 exemplar
1174 554 1567 637 possedimus.
1605 555 1868 618 Unicum
1891 557 2027 619 dieo
2044 580 2063 619 ε
2088 577 2231 620 nam
2252 559 2542 624 Vaticana
2570 583 2777 623 exem-

580 652 776 733 plaria
815 674 930 713 nec
969 676 1153 736 penes
1196 679 1308 718 nos
1335 657 1621 739 fuerunt,
1662 678 1779 721 nec
1819 678 1936 740 pro
1964 659 2217 722 diversis
2243 663 2580 745 reputanda
2605 672 2776 738 sunt,

582 776 723 815 cum
769 767 975 817 nostra
1019 780 1095 821 ex
1140 760 1214 822 iis
1252 760 1556 843 descripta
1592 758 1737 824 sint.
1820 760 1987 837 Quas
2025 772 2228 825 autem
2253 783 2333 826 ex
2372 764 2449 825 iia
2485 764 2776 852 lectiones

581 878 618 915 a
645 856 796 917 viris
837 859 1034 922 doctis
1061 864 1468 946 suppeditatas
1486 860 1836 942 habuimus,
1879 885 1975 927 eas
1989 911 2010 944 ,
2051 875 2123 927 ut
2145 886 2349 931 veram
2373 876 2434 927 et
2456 866 2775 945 genuinam

578 961 960 1042 scripturam,
1000 985 1127 1024 non
1152 964 1218 1024 in
1247 964 1561 1046 margines,
1585 965 1693 1028 aed
1717 963 1785 1026 in
1808 967 2062 1029 mediam
2093 969 2369 1050 paginam
2393 979 2454 1031 et
2478 969 2548 1029 in
2572 969 2776 1051 ipsum

580 1056 684 1150 (ut
727 1060 925 1150 aiunt)
969 1076 1320 1129 contextum
1341 1067 1794 1147 transtulimus3
1833 1067 2104 1152 exeeptis
2144 1070 2255 1151 iis,
2296 1091 2445 1153 quas
2475 1071 2550 1132 ab
2576 1072 2773 1132 amico

584 1166 889 1227 carissimo
929 1168 1238 1233 Ludovico
1277 1170 1501 1233 Tarnio
1545 1191 1747 1257 nuper
1790 1170 1997 1235 allatas
2046 1170 2129 1235 ad
2178 1172 2405 1236 calcem
2464 1174 2637 1236 Tomi
2672 1193 2777 1235 se·-

534 1264 545 1277 ’
586 1269 775 1330 cundi
808 1269 875 1330 in
910 1272 1093 1334 Notas
1121 1274 1456 1338 retulimus.

750 1373 1047 1454 Equidem
1071 1357 1191 1438 hbe
1214 1378 1350 1438 loco
1379 1387 1713 1458 temperare
1734 1373 1886 1437 mihi
1911 1394 2039 1436 non
2063 1394 2341 1457 possum,
2382 1379 2534 1461 quin
2562 1386 2624 1439 et
2643 1397 2779 1439 mea

584 1485 649 1537 et
672 1475 999 1558 Nicephori
1027 1479 1323 1559 Gregorae
1348 1498 1526 1540 causa
1553 1477 1818 1556 doleam3
1861 1478 2026 1560 quod
2055 1498 2197 1539 cum
2218 1476 2322 1539 hic
2347 1500 2460 1560 per
2483 1499 2597 1540 nos
2623 1500 2783 1561 poa·

587 1587 683 1638 set
715 1599 841 1639 non
880 1579 1063 1640 modo
1100 1580 1368 1661 integer,
1407 1579 1517 1641 sed
1542 1578 1721 1641 etiam
1742 1589 1939 1641 tersus
1967 1587 2030 1642 et
2058 1580 2328 1660 limatus,
2367 1582 2437 1643 in
2461 1580 2780 1665 publicum

586 1681 814 1760 emitti,
854 1681 1017 1742 idem
1054 1691 1254 1743 tamen
1288 1682 1568 1765 pluribus
1603 1682 1853 1743 fortasse
1875 1683 2127 1745 maculis
2148 1703 2452 1766 respersus
2477 1704 2550 1744 ac
2569 1683 2779 1745 defor-

582 1784 700 1846 mis
731 1785 928 1845 lucem
952 1784 1194 1846 demum
1214 1785 1486 1868 aspiciat.
1539 1782 1699 1846 Fieri
1729 1785 1889 1846 enim
1913 1784 2079 1846 haud
2100 1786 2323 1867 potuit,
2362 1797 2433 1848 ut
2461 1807 2587 1848 non
2610 1784 2777 1845 mul-

581 1888 646 1946 t'a
684 1885 753 1946 in
788 1886 1135 1969 apographo
1176 1887 1631 1949 mendosissime
1668 1887 1879 1947 oeulos
1915 1907 2084 1949 meos
2129 1885 2426 1966 fugerint,
2470 1900 2531 1949 et
2567 1888 2780 1946 incor-

581 1997 750 2048 recta
784 1989 1199 2057 remanserint.
1281 1991 1527 2053 Poterat
1570 1999 1771 2051 autem
1810 1987 1915 2050 hie
1938 1990 2205 2073 scriptor
2232 1989 2410 2069 longe
2440 1986 2792 2065 castigatior·

581 2089 718 2150 dari
740 2110 775 2150 a
808 2090 1015 2170 nobis,
1057 2093 1108 2153 si
1134 2114 1287 2175 quae
1330 2092 1397 2154 in
1417 2092 1642 2176 pluteis
1672 2090 1979 2155 Vaticanis
2006 2102 2215 2155 vetera
2241 2099 2452 2152 extant
2470 2086 2777 2167 exempla-

579 2193 706 2269 ria,
750 2212 818 2252 ea
853 2214 1036 2274 penes
1081 2215 1195 2255 nos
1235 2196 1514 2258 fuissent.
1598 2196 1719 2255 Sed
1759 2195 2044 2256 nimirum
2081 2193 2193 2255 uni
2227 2213 2357 2255 non
2400 2190 2595 2253 omnia
2639 2188 2780 2249 data

579 2303 725 2353 sunt
828 2296 1010 2368 Quod
1051 2308 1249 2357 autem
1288 2299 1481 2358 facere
1518 2315 1626 2374 ego
1656 2316 1785 2356 non
1810 2297 2021 2377 potui,
2060 2296 2130 2356 id
2161 2294 2462 2375 quondam
2512 2294 2779 2363 sortasse,

577 2393 635 2455 ai
658 2395 815 2456 tanti
848 2417 943 2457 res
989 2416 1117 2457 esse
1141 2397 1478 2477 videbitur,
1521 2397 1756 2458 felicior
1784 2397 2030 2459 alterius
2063 2395 2360 2456 industria
2390 2390 2735 2474 praestabit.

746 2497 845 2559 Ad
884 2499 1156 2560 Latinam
1192 2500 1750 2582 interpretationem
1793 2509 2064 2560 nomam
2103 2497 2268 2580 quod
2312 2495 2527 2555 attinet
2546 2537 2567 2570 ,
2620 2490 2782 2552 scri-

576 2599 771 2683 pteris
807 2602 1020 2664 Graeci
1042 2612 1306 2664 mentem
1342 2602 1398 2663 si
1433 2622 1530 2666 me
1559 2601 1783 2682 ubique
1825 2609 2218 2681 assequutum
2242 2599 2429 2661 fuisse
2465 2596 2784 2672 affirmem,

580 2723 865 2781 arrogans
897 2704 1010 2765 sim
1027 2728 1045 2764 ε
1086 2705 1436 2787 praesertim
1474 2724 1617 2766 cum
1645 2725 1762 2764 nec
1784 2704 2007 2764 Wolfio
2035 2701 2175 2785 ipsi,
2214 2711 2497 2765 veterano
2525 2707 2588 2758 et
2614 2715 2792 2757 eme-

582 2805 704 2868 rito
732 2806 1083 2888 interpreti,
1123 2809 1190 2868 id
1225 2806 1560 2889 eontigerit.
1641 2806 1962 2867 Possumus
1994 2825 2140 2867 vero
2169 2812 2416 2883 uterque
2437 2800 2555 2861 hac
2584 2797 2790 2858 ratio-

583 2928 665 2969 ne
714 2929 827 2969 nos
868 2910 1214 2989 defendere,
1256 2912 1425 2992 quod.
1465 2906 1574 2989 qui
1611 2907 1776 2969 viam
1817 2908 2046 2968 nullius
2088 2924 2296 2986 gressu
2330 2903 2533 2964 tritam
2576 2900 2794 2979 ingre-

585 3010 823 3089 dieitur,
867 3012 924 3071 ei
947 3012 1370 3076 difficillimum
1405 3015 1489 3075 sit
1526 3032 1653 3074 non
1677 3011 1829 3087 labi3
1874 3009 2219 3092 praesertim
2264 3007 2320 3068 si
2342 3027 2410 3067 ea
2444 3003 2678 3065 lubrica
2702 3002 2796 3064 ait

586 3124 649 3177 et
678 3115 1028 3194 confragosa
1058 3125 1118 3177 et
1143 3117 1388 3177 salebris
1416 3118 1592 3198 plena
1612 3158 1632 3187 ,
1674 3116 1876 3195 quales
1911 3114 2134 3196 passim
2176 3109 2382 3172 obiicit
2404 3103 2796 3186 Nicephorua

583 3227 791 3278 noster
800 3239 821 3295 3
864 3218 971 3297 qui
1001 3218 1232 3298 quoties
1258 3217 1500 3297 evagari
1523 3217 1705 3280 libuit
1743 3217 1917 3295 (libet
1949 3225 2148 3276 autem
2187 3211 2368 3273 nimis
2411 3202 2610 3292 saepe)
2650 3215 2800 3268 tum

586 3319 828 3380 demum
878 3319 1168 3380 disertum
1204 3341 1268 3380 se
1295 3330 1355 3382 et
1384 3322 1711 3400 elegantem
1755 3318 1985 3392 credit,
2029 3336 2165 3378 cum
2211 3312 2567 3377 sententiam
2613 3330 2804 3372 suam

583 3423 912 3484 verborum
955 3422 1293 3503 ambagibus
1328 3443 1510 3503 quam
1565 3423 1826 3484 maxime
1857 3420 2164 3504 perplexis
2202 3418 2518 3481 involvere
2564 3412 2804 3492 potuit.

753 3523 930 3584 Tomi
949 3524 1138 3606 primi
1163 3526 1412 3606 singulis
1439 3524 1707 3607 paginis,
1749 3523 2032 3604 quoniam
2063 3533 2399 3601 temporum
2428 3514 2581 3577 ratio
2607 3511 2678 3572 in
2720 3531 2806 3575 ea

582 3623 871 3688 historiae
906 3637 1081 3710 parte
1120 3648 1249 3690 non
1288 3628 1436 3691 satis
1477 3636 1643 3689 certa
1684 3647 1810 3690 esse
1847 3626 2191 3699 videbatur,
2234 3640 2456 3681 annum
2495 3615 2809 3699 praeseri-

583 3727 726 3792 bere
751 3750 880 3791 non
924 3730 1254 3814 potuimus.
1335 3730 1541 3810 Itaque
1563 3729 1698 3790 illic
1721 3749 1836 3810 pro
1867 3729 2042 3789 annis
2065 3723 2315 3806 Imperia
2332 3768 2350 3801 ,
2393 3741 2503 3782 seu
2522 3738 2812 3798 regnan-

582 3829 736 3891 h‘um
763 3832 1197 3914 Imperatorum
1220 3833 1496 3911 nomina,
1535 3832 1736 3916 posita
1762 3839 1924 3893 sunt.
2005 3832 2082 3893 In
2103 3831 2290 3890 Tomo
2330 3822 2627 3899 secundo,
2667 3840 2809 3881 an-

584 3951 698 3993 nos
727 3933 924 4017 ipsos,
965 3937 1250 4018 quoniam
1275 3937 1354 3998 de
1391 3935 1470 3996 iis
1498 3934 1842 4014 constabat,
1886 3932 2312 4016 apposuimus3
2353 3929 2810 4008 Imperatorum

589 4045 792 4100 autem
819 4040 1063 4102 nomina
1087 4039 1413 4106 omisimus.
1495 4039 1737 4120 Quippe
1763 4057 1906 4098 cum
1943 4058 2055 4119 per
2089 4055 2279 4095 annos
2330 4032 2535 4093 decem
2573 4046 2810 4107 perpe-

585 4145 728 4200 tuos
746 4183 767 4218 ,
815 4159 968 4221 quos
994 4144 1262 4205 continet
1287 4143 1393 4205 hio
1414 4142 1673 4222 Teuma,
1714 4148 1978 4221 potestas
2001 4134 2393 4221 Imperatoria
2422 4150 2604 4217 penes
2632 4127 2807 4191 duos

587 4239 899 4327 Principes
924 4246 1128 4325 fuerit,
1153 4247 1571 4327 Palaeologum
1594 4253 1658 4306 et
1682 4243 2186 4320 Cantacuzenum,
2215 4238 2433 4302 inutile
2452 4254 2579 4299 esse
2601 4229 2807 4293 duxi-

2352 4389 2824 4630 mss
