3094 4876
703 321 1171 393 HISTORIAE
1209 320 1764 393 BYZANTINAE
1803 321 1920 390 lx.
1965 330 2065 395 13.
2301 308 2452 387 457

206 487 211 496 ’
270 490 406 565 σίας
431 482 824 577 ἐξεπόρσευον
852 487 1022 578 αὗτῷ
1053 482 1413 575 λογισμούς·
1465 489 1569 553 καὶ
1608 486 1752 572 μετ’
1790 485 1865 554 οὗ
1892 487 2125 563 πολλὰς
2150 486 2267 566 τὰς
2290 485 2445 574 ἦμέ-
2530 495 2589 547 Δ.
2624 498 2683 547 C·

270 617 383 678 ρας
427 587 844 675 ἀπολαβόντες
887 591 1076 658 αὗτόν
1117 588 1572 674 ἐξεπολέμωσάν
1613 617 1680 656 τε
1723 590 1884 657 κατὰ
1922 597 2034 657 τοῦ
2068 591 2302 679 πατρὸς
2345 596 2448 659 καὶ
2547 565 2686 685 1ἓὲ8

267 691 524 780 Κρᾶλην
550 697 816 780 Σερβίας
843 691 1269 782 αὗτοκράτορα
1299 686 1731 780 ἀνηγόρευσαν.
1786 695 1911 760 ἐπεὶ
1935 695 2004 760 δέ
2032 701 2271 778 συχνῶν
2295 690 2449 780 'iut-
2549 697 2683 758 1341

270 803 395 882 ρῶν
424 797 569 862 κατ’
616 797 854 884 ὀλίγους
896 795 1158 875 ἅπαντες
1198 797 1366 887 αὐτῷ
1413 793 1879 885 προσερῤὗησαν
1917 804 2028 863 τοῦ
2059 804 2329 884 στρατοῦ
2372 775 2782 897 τὸῐἫὶιὶΑὲἓζῗῃ·

221 896 623 982 5ἀπόλεκτον,
666 897 1150 987 προσελάσαντες
1181 901 1429 984 δέσμιον
1459 900 1717 984 ἀπονητὶ
1756 902 1858 965 καὶ
1882 900 1992 966 τὸν
2020 901 2256 989 πατέρα
2294 910 2511 991 προ-0

267 998 565 1088 σήνεγκαν
594 1010 680 1091 τῷ
711 1004 826 1091 υἱῷ
847 1024 864 1041 ·
919 1003 1200 1070 κάκεῖθεν
1233 1005 1294 1079 ἐς
1320 1003 1561 1091 εἱρκτὴν
1602 999 1976 1087 ἀπήνεγκαν,
2047 1003 2302 1081 ἄκοντος
2338 1008 2452 1091 μέν

264 1104 415 1181 ἴσως
454 1108 559 1171 καὶ
604 1104 1017 1192 ἀσχάλλοντος
1049 1113 1163 1173 τοῦ
1205 1106 1420 1188 υἱέως,
1491 1112 1845 1182 σιωπῶντος
1883 1105 1950 1171 δ’
1998 1100 2106 1173 οὖν
2147 1105 2314 1190 ὅμως
2352 1112 2456 1176 καὶ

265 1206 587 1294 ἀντιλέγειν
613 1210 684 1275 οὗ
713 1210 1049 1295 δυναμένου
1066 1213 1154 1298 ”τῇ
1174 1216 1285 1275 τοῦ
1312 1206 1599 1294 πλήθους
1614 1206 1793 1296 ὁρμῇ.
1849 1210 2057 1274 ἐδεδίει
2084 1210 2221 1298 γὰρ,
2242 1206 2453 1295 μήπου

263 1336 326 1377 τι
359 1314 462 1377 καὶ
490 1311 678 1389 αὐτὸς
706 1309 906 1379 πάθοι
933 1319 1059 1379 τῶν
1090 1309 1425 1396 ἀδοκήτων.
1496 1312 1569 1379 οὗ
1607 1315 1829 1378 πολλαὶ
1861 1319 2191 1398 παρῆλθον
2229 1310 2456 1404 ἡμέραι

173 1423 252 1476 10
266 1413 539 1481 κάκεῖνον
576 1417 691 1498 μὲν
735 1417 802 1481 ἐν
844 1420 1091 1500 δεσμοῖς
1135 1416 1503 1497 ἀπέπνιξαν,
1577 1414 1794 1502 πικρὸν
1833 1414 2002 1504 αὐτῷ
2042 1421 2155 1480 τοῦ
2192 1418 2335 1499 βίου
2381 1420 2454 1485 τὸ

261 1517 452 1603 πέρας
479 1514 886 1604 ἐπενεγκόντες
911 1520 1045 1586 ἀντὶ
1080 1526 1205 1585 τῶν
1241 1516 1437 1604 ἡδέων
1462 1520 1701 1585 ἐκείνων
1732 1514 2202 1602 εῧτυχημάτων·
2252 1528 2341 1611 τῷ
2386 1523 2457 1588 δὲ

261 1721 395 1806 ἅμα
432 1724 601 1814 αὐτῷ
653 1723 1040 1802 ἐξελάσαντες
1079 1725 1270 1802 εὐθὺς
1305 1722 1681 1815 ᾠκειώσαντο
1726 1723 1841 1808 τὴν
1874 1720 2192 1808 Ῥωμαίων
2229 1724 2508 1813 χώρανῙ)

258 1823 402 1914 ι’ίχρι
422 1824 777 1913 Στρυμόνος
803 1831 905 1895 καὶ
927 1824 1381 1915 Ἀμφιπόλεως’
1434 1825 1535 1896 ὅτε
1564 1828 1641 1912 δὴ
1674 1830 1777 1893 καὶ
1797 1825 2281 1916 Στρούμμιτζαν*
2294 1827 2455 1897 εἷλον

172 1927 372 2008 15ξῦν
400 1956 466 2017 γε
501 1930 709 2008 ἄλλοις
741 1933 1089 2016 πολιχνίοις.

411 2029 507 2118 cys.
554 2034 654 2112 Ἔς
686 2035 755 2099 δέ
787 2034 1040 2101 τούπιὸν
1068 2034 1202 2111 ἔτος
1228 2032 1470 2102 ἀκούων
1496 2031 1529 2100 ὅ
1558 2032 1848 2116 βασιλεῦς
1875 2035 2306 2118 διασπωμένην
2327 2034 2512 2118 τὴνᾸ·
2547 2037 2608 2090 0·
2643 2035 2778 2093 1331

255 2141 383 2203 τῶν
406 2134 786 2224 Βουλγάρων
816 2138 1012 2227 ἀρχὴν
1034 2134 1154 2210 ,ῧπό
1183 2163 1248 2204 τε
1278 2144 1389 2223 τῆς
1415 2138 1719 2225 προτέρας
1735 2145 1847 2203 τοῦ
1871 2136 2209 2223 Μιχαήλου
2231 2103 2507 2223 γυναι-Ε

255 2240 367 2316 κὸς
400 2235 522 2305 ὖπό
567 2265 631 2306 τε
669 2247 796 2307 τῶν
836 2247 949 2308 τοῦ
987 2239 1324 2326 Μιχαήλου
1361 2246 1662 2327 συγγενῶν
1714 2237 1791 2329 (ἦ
1835 2241 1953 2329 γὰρ
1995 2247 2106 2307 τοῦ
2148 2242 2452 2324 βασιλέως

256 2341 494 2429 ἀδελφὴ
521 2340 700 2425 μόλις
729 2345 961 2411 ἐκεῖθεν
1002 2351 1284 2430 φυγοῦσα
1314 2344 1386 2411 τὸ
1434 2348 1540 2431 ζῇν
1582 2342 1952 2430 inopinato)
1969 2395 1993 2426 ,
2046 2350 2293 2411 πολλῶν
2340 2337 2449 2411 οὖν

166 2449 387 2513 20sser
396 2448 764 2531 μαχομένων
795 2452 897 2515 καὶ
911 2446 1067 2536 ὑπὲρ
1092 2456 1204 2533 τῆς
1231 2448 1423 2535 ἀρχῆς
1437 2448 1974 2531 ἀντιποιουμένων,
1996 2449 2264 2537 στρατὸν
2290 2448 2449 2515 ἀπο-

254 2550 435 2626 λέξας
474 2547 509 2616 ὃ
548 2553 842 2634 βασιλεῦς
871 2552 1082 2619 ἱκανὸν
1122 2553 1377 2619 ἐπέθετο
1406 2563 1536 2628 τοῖς
1566 2555 1704 2639 περὶ
1738 2550 1849 2619 τὸν
1874 2549 2088 2635 Αἶμον
2119 2553 2451 2636 πολιχνίοις

253 2655 358 2718 καὶ
394 2650 510 2719 εἷλε
534 2661 759 2743 μικροῦ
793 2653 1288 2745 πάντα.ἀπονητὶ
1303 2706 1327 2737 ,
1379 2662 1506 2722 τῶν
1535 2652 1873 2742 οῗκητόρων
1902 2652 2453 2745 προσερῥυηκότων

253 2752 539 2823 ἑκόντων.
603 2758 761 2841 μεθ’
809 2751 896 2827 ὧν
922 2757 1272 2847 προσεῤῥύη
1304 2762 1406 2825 καὶ
1434 2761 1934 2847 παραθαλασσία
1963 2757 2139 2836 πόλις
2165 2756 2360 2845 ὀχυρά
2384 2783 2452 2825 τε

251 2862 358 2927 καὶ
412 2859 912 2951 πολυάνθρωπος
960 2863 1303 2948 καλουμένη
1345 2866 1756 2951 Μεσημβρία.
1839 2865 1906 2930 ἐν
1946 2854 1991 2953 ᾖ
2034 2865 2372 2951 διατρίβων
2413 2858 2539 2929 ὅΡ.
2571 2868 2677 2925 282

387 3021 442 3084 4.
488 3017 730 3090 ἅπαντες
761 3042 858 3081 om.
892 3027 957 3085 A.
1089 3027 1146 3082 9.
1190 3022 1377 3082 πάθοι
1417 3026 1514 3093 A„
1545 3022 1712 3098 πάθῃ
1743 3025 1833 3079 W.

243 3181 333 3219 mo
369 3164 656 3218 volventem
688 3163 1029 3229 inflammantg
1075 3170 1195 3234 post
1229 3164 1342 3218 dies
1377 3164 1478 3218 no‘n
1517 3165 1701 3218 multos
1738 3162 1805 3215 ad
1836 3180 1896 3216 se
1929 3164 2034 3217 reci
2074 3162 2217 3229 iunt3
2249 3164 2446 3220 hostem

241 3232 387 3303 patri
413 3235 694 3299 suscitant,
727 3242 783 3286 et
807 3251 995 3287 summa
1022 3238 1282 3304 potestate
1316 3233 1417 3317 ipsi
1447 3232 1651 3297 delata,
1686 3231 1903 3286 Serviae
1928 3235 1972 3285 C
2052 3251 2130 3287 em
2163 3233 2444 3288 declarant.

240 3306 381 3357 Cum
404 3311 570 3356 antem
591 3302 932 3373 compluribus
960 3303 1143 3356 diebus
1173 3304 1413 3373 paulatim
1441 3304 1601 3355 omnis
1637 3303 1732 3355 flos
1770 3302 2027 3356 exercitus
2068 3303 2133 3356 ad
2168 3320 2282 3355 eum
2321 3321 2446 3356 con-

240 3372 511 3434 fluxisset,
544 3382 738 3442 patrem
766 3371 919 3425 etium
946 3373 1172 3425 vinctum
1200 3373 1311 3425 sine
1341 3372 1478 3425 nullo
1508 3371 1716 3442 negotio
1754 3371 1821 3424 ad
1857 3386 1969 3425 eum
2009 3372 2326 3442 perducunt,
2379 3390 2443 3425 ac

241 3458 362 3495 mox
383 3441 439 3494 in
465 3458 721 3495 carcerem
747 3441 1052 3505 conficiunt,
1075 3442 1251 3495 'invito
1288 3442 1524 3494 fortassis
1564 3452 1618 3495 et
1647 3441 1880 3510 graviter
1920 3442 2120 3494 ferente
2159 3442 2298 3495 filio:
2346 3441 2443 3495 sed

239 3516 415 3564 tamen
441 3518 646 3563 tacente
669 3517 723 3563 et
746 3510 911 3563 furori
936 3512 1111 3580 populi
1140 3510 1407 3565 adversari
1434 3528 1533 3564 non
1559 3512 1792 3564 audente.
1863 3511 2156 3564 Verebatur
2178 3510 2341 3576 enim,
2376 3529 2443 3566 ne

236 3579 296 3633 in
326 3597 386 3632 se
414 3580 578 3650 ipsum
604 3596 699 3633 nec
727 3580 1014 3649 opinantem
1043 3581 1253 3647 gravius
1279 3579 1472 3650 aliquid
1497 3580 1860 3633 consuleretur.
1929 3580 2058 3632 Post
2096 3597 2288 3651 paucos
2328 3580 2441 3635 dies

276 3657 445 3702 atrem
472 3648 676 3717 quidem
705 3648 758 3701 in
784 3650 1005 3702 vinculis
1035 3649 1322 3712 suffocant,
1356 3650 1597 3703 suavibus
1620 3648 1725 3702 illis
1760 3648 2076 3702 successibus
2114 3650 2168 3702 in
2204 3651 2441 3705 acerbum

232 3666 507 3771 {neritum
546 3717 742 3781 versis3
791 3718 895 3771 filio
943 3728 1108 3771 autem
1145 3719 1482 3788 principatum
1522 3719 1726 3772 firmant
1768 3725 1924 3788 atque
1961 3719 2245 3772 stabiliunt.
2313 3719 2442 3773 Mox

232 3786 420 3841 statim
460 3804 564 3840 una
603 3804 715 3839 cum
751 3804 812 3839 eo
862 3789 1058 3857 egressi
1086 3790 1361 3841 Romanam
1400 3788 1713 3857 provinciam
1741 3805 1909 3857 nsque
1940 3787 2005 3840 ad
2033 3788 2352 3859 Strymonem
2387 3792 2446 3841 et

228 3855 590 3927 Amphipolin,
613 3863 766 3926 capta
789 3857 944 3910 etiam
966 3858 1293 3910 Strnmmitza
1321 3864 1375 3909 et
1407 3856 1521 3910 aliis
1549 3856 1824 3926 oppidulis,
1857 3857 2118 3923 subigunt.

234 3954 239 3960 ·
383 3928 467 3981 13.
500 3925 741 3978 Proximo
773 3942 933 3991 anno,
966 3943 1077 3979 cnm
1120 3926 1349 3980 audisset
1372 3926 1656 3996 Imperator
1687 3926 2011 3995 Bulgaricum
2041 3925 2309 3995 Imperium
2335 3929 2391 3979 et
2411 3940 2447 3978 a

228 3994 424 4067 priore
448 3994 720 4048 Michaelis
750 4011 907 4048 uxore
932 4002 987 4049 et
1024 4012 1056 4048 a
1080 3997 1313 4064 cognatis
1354 3995 1579 4048 eiusdem
1604 3995 1875 4048 Michaelis
1911 3995 2089 4049 divelli
2113 3996 2258 4062 (nam
2278 3997 2448 4063 Impe-

223 4063 435 4118 ratoris
461 4081 607 4116 soror
634 4081 794 4132 aegre
820 4065 948 4132 fuga
980 4065 1189 4117 salutem
1216 4064 1570 4135 quaesierat),
1605 4065 1659 4117 in
1699 4082 1763 4118 ea
1802 4064 2075 4118 multorum
2119 4064 2447 4118 contentione

224 4133 305 4186 de
334 4133 503 4216 princi
578 4141 633 4186 tu
657 4134 984 4203 occupando,
1017 4134 1167 4186 iustis
1189 4134 1353 4203 copiis
1379 4134 1596 4187 delectis
1612 4172 1628 4199 ,
1663 4133 1908 4204 oppidula
1931 4134 2129 4186 Haemo
2151 4133 2323 4187 vicina
2363 4134 2449 4186 in-

223 4208 404 4266 vasit,
431 4207 486 4254 et
531 4220 622 4255 ere
648 4203 812 4256 omnia
851 4203 982 4255 citra
1019 4203 1280 4272 negotium
1307 4203 1480 4273 cepit,
1513 4202 1887 4256 habitatoribus
1913 4203 2047 4255 ultro
2083 4220 2200 4255 sese
2232 4202 2299 4255 ad
2333 4219 2447 4256 eum

227 4270 647 4325 conferentibus.
716 4271 860 4325 Inter
886 4279 1093 4326 caetera
1117 4288 1240 4325 vero
1273 4271 1429 4326 etiam
1457 4273 1583 4326 urbs
1620 4273 1814 4327 munita
1846 4278 1903 4325 et
1938 4274 2214 4342 frequens,
2245 4271 2449 4326 nomine

228 4340 583 4406 mesembria,
617 4338 686 4397 ad
708 4358 850 4397 mars
872 4341 996 4410 sita,
1029 4341 1339 4399 deditionem
1359 4341 1503 4397 fecit.
1572 4341 1634 4396 In
1656 4359 1759 4415 qua
1781 4340 2185 4414 cumlmperator
2199 4341 2313 4397 fers
2332 4356 2446 4398 cum
