3094 4876
679 335 831 418 462
1270 349 1733 421 NICEPHORI
1772 349 2248 422 GREGORAE

416 521 480 576 Α·
520 518 600 574 Μ·
680 521 918 605 τροφῆς
936 513 1398 606 ὀστρακόδερμα
1417 513 1620 583 πάντα
1648 516 1750 582 διὰ
1777 517 1856 583 τὰ
1879 524 2004 584 τῶν
2031 518 2339 602 νηστίμων
2366 517 2604 584 ἐκείνων
2627 514 2872 606 ἦμερῶν

443 591 583 709 δὲῗῖδ
681 619 911 704 νόμιμα
930 641 945 660 ·
1000 621 1104 709 ἐφ’
1138 617 1229 696 οἷς
1256 621 1393 686 δέον
1424 620 1844 710 ἀκρατοποσίᾳ
1864 618 2251 706 χρήσασθαι,
2288 621 2592 707 δυναμένῃ
2617 622 2872 707 γηραιὸν

448 725 588 846 6ἓ49
682 731 946 790 τονῶσαι
1008 721 1320 808 στόμαχον
1378 723 1532 808 πρὸς
1588 728 1991 812 κατεργασίαν
2031 731 2143 809 τῆς
2184 725 2599 810 σκληροτέρας
2646 726 2873 809 ἐκείνης

345 801 950 920 ωἷὰῃίἓέἰζῗὼτροφῆς·
1006 824 1039 894 ὅ
1072 829 1139 893 δὲ
1162 830 1561 916 ψυχροποσίᾳ
1587 826 1906 914 ἐχρήσατο.
1978 827 2128 902 ἴθος
2155 827 2270 914 γὰρ
2307 827 2475 915 αὐτῷ
2513 821 2593 911 ἦν
2611 876 2632 908 ,
2687 824 2872 893 ὅπότε

618 930 964 996 Εαῖσθοιτο
1013 931 1398 1018 θερμοτέρας
1442 937 1554 1014 τῆς
1593 931 1767 1009 ἕξεως
1813 937 1937 997 τῶν
1981 933 2214 996 οἰκείων
2244 935 2488 1017 φλεβῶν
2525 931 2910 1015 γινομένης,5

676 1034 918 1122 ἀμέτρῳ
957 1040 1239 1118 χρῆσθαι
1284 1037 1713 1124 ψυχροποσίᾳ,
1779 1031 1932 1122 ὑπὲρ
1991 1041 2104 1108 τοῦ
2150 1034 2239 1117 μὴ
2285 1031 2681 1119 ἠναγκάσθαι
2723 1035 2874 1098 ποτὲ

679 1143 807 1203 τῶν
856 1143 1100 1223 φλεβῶν
1149 1139 1452 1221 μηδεμίαν
1498 1147 1715 1218 τεμεῖν.
1800 1133 2056 1224 τοιαύτῃ
2105 1139 2311 1203 τοίνυν
2370 1140 2576 1224 διαίτῃ
2623 1139 2728 1201 καὶ
2763 1144 2872 1201 νῦν

673 1237 1061 1326 χρησάμενος
1089 1242 1416 1327 δυσφορεῖν
1445 1239 1634 1316 εὐθὺς
1661 1239 1889 1325 ἤρξατο
1932 1243 2031 1306 καὶ
2068 1238 2228 1306 πάνυ
2258 1237 2541 1327 πονήρως
2579 1239 2735 1323 ἔχειν
2762 1244 2872 1305 τοῦ

680 1341 994 1434 στομάχου
1025 1346 1125 1409 καὶ
1153 1351 1263 1427 τῆς
1293 1345 1565 1427 καρδίας.
1624 1344 1748 1408 ἓπεὶ
1776 1346 1844 1408 δὲ
1876 1347 1976 1409 καὶ
2005 1350 2128 1409 τῶν
2162 1343 2650 1408 ἅναπνευστικῶν
2685 1339 2875 1429 ὀργά-

676 1472 801 1511 νων
829 1448 1338 1533 ἓμφραττομένων
1363 1445 1481 1530 ἤδη
1509 1449 1612 1511 καὶ
1642 1447 2220 1533 στενοχωρουμένων
2247 1443 2556 1531 ᾐσθάνετο
2587 1449 2690 1511 καὶ
2721 1445 2872 1511 ὅσον
2887 1463 2944 1516 10

620 1548 897 1614 Γαῦτίκα
937 1546 1381 1632 τεθνηξόμενον
1433 1549 1680 1630 ἔβλεπεν
1739 1546 1957 1615 ἑαυτὸν
2005 1553 2105 1615 καὶ
2165 1549 2266 1613 διὰ
2316 1548 2430 1633 τὴν
2477 1549 2710 1635 ἀωρίαν
2757 1549 2875 1632 οὐχ

426 1649 517 1705 ·V·
536 1653 641 1711 231
678 1650 945 1739 εὕρισκεν
987 1653 1238 1738 οὐδένα,
1296 1651 1364 1729 ὃς
1407 1651 1576 1741 αὐτῷ’
1613 1656 1908 1736 μεταδοίη
1949 1660 2071 1718 τῶν
2097 1655 2287 1717 θείων
2325 1655 2711 1737 μυστηρίων,
2770 1676 2876 1717 κε-

672 1756 1033 1838 κλεισμένων
1069 1752 1325 1821 ἁπασῶν
1351 1762 1474 1820 τῶν
1502 1758 1637 1839 περὶ
1666 1755 1743 1820 τὰ
1770 1760 2052 1838 βασίλεια
2084 1761 2312 1834 πυλῶν,
2371 1755 2639 1831 ἀναστὰς
2672 1755 2874 1839 ηὐχα-

672 1859 926 1947 ρίστησέ
949 1884 1013 1924 τε
1051 1864 1140 1947 τῷ
1172 1864 1303 1946 θεῷ
1346 1862 1447 1922 καὶ
1489 1855 1642 1945 ὑπὲρ
1676 1862 1983 1948 σωτηρίας
2022 1865 2134 1943 τῆς
2166 1859 2356 1924 αὐτοῦ
2393 1865 2602 1942 ψυχῆς
2637 1858 2871 1942 ηὔξατο

670 1962 786 2027 σὺν
816 1964 1128 2038 πλουσίοις
1157 1972 1286 2037 τοῖς
1317 1959 1575 2047 δάκρυσι
1605 1963 1704 2025 καὶ
1731 1965 2136 2046 γονυκλισίαις
2162 1967 2435 2038 πολλαῖς.
2492 1959 2622 2026 εἶτα
2652 1960 2866 2047 ἕγκόλ-
2883 1977 2944 2032 15

670 2091 812 2130 πιον
855 2066 1059 2152 φέρων
1092 2064 1206 2149 τὴν
1236 2072 1348 2150 τῆς
1379 2062 1762 2150 θεομήτορος
1799 2068 1980 2131 θείαν
2027 2062 2228 2131 εἰκόνα
2278 2067 2342 2142 ἐς
2382 2065 2453 2129 τὸ
2498 2062 2708 2148 στόμα
2745 2067 2870 2130 ἐνέ-

666 2174 858 2251 βαλεν
876 2169 1014 2234 ἀντὶ
1045 2174 1168 2233 τῶν
1186 2171 1377 2234 θείων
1398 2170 1753 2251 μυστηρίων
1769 2171 1870 2232 καὶ
1902 2171 2170 2244 καθίσας
2186 2169 2279 2232 ἐπὶ
2307 2174 2418 2252 τῆς
2448 2169 2657 2252 κλίνης
2679 2167 2872 2245 εὐθὺς

670 2269 1039 2368 ἀπήλλαξεν,
1077 2270 1250 2337 οὔπω
1282 2278 1392 2355 τῆς
1410 2272 1628 2347 νυκτὸς
1656 2272 1881 2357 ἐκείνης
1908 2270 2193 2356 ληξάσης.
2251 2274 2459 2355 κλίνην
2487 2271 2552 2336 δ’
2587 2274 2870 2338 ἐνταῦθα

433 2377 497 2433 Ρ.
533 2379 638 2435 285
668 2375 925 2460 ’νοητέον
975 2374 1046 2440 οὗ
1088 2374 1203 2458 τὴν
1245 2372 1505 2461 συνήθη,
1533 2377 1634 2440 καὶ
1683 2376 1746 2440 ἐν
1791 2382 1881 2465 τῷ
1914 2382 2160 2464 φανερῷ
2191 2376 2497 2459 κειμένην,
2554 2374 2734 2465 ἀλλὰ,
2762 2376 2870 2460 τὴν

666 2477 825 2544 πάνυ
866 2504 963 2544 τοι
1006 2474 1339 2563 ἓνδοτάτην
1380 2482 1479 2544 καὶ
1516 2478 1687 2562 παρὰ
1728 2478 1995 2565 πλευρὰν
2037 2485 2150 2544 τοῦ
2192 2476 2537 2565 οὐρηδόχου
2588 2480 2941 2564 κειμένηνω

670 2583 959 2661 οἶκίσκου.
1030 2580 1146 2665 ἀφ’
1182 2573 1255 2646 οὗ
1286 2580 1404 2667 γὰρ
1448 2581 1678 2666 ἤρξατο
1726 2584 2056 2667 δυσφορεῖν
2087 2586 2187 2646 καὶ
2225 2590 2749 2668 στενοχωρεῖσθαι
2789 2583 2865 2648 τὰ

665 2683 877 2765 ἴνδον,
950 2680 1237 2765 συχνάκις
1277 2686 1379 2747 καὶ
1423 2683 1581 2748 κατὰ
1618 2680 1839 2769 μόριον
1882 2682 2048 2770 ὥρας
2095 2686 2157 2761 ἒς
2199 2685 2307 2751 τὸν
2351 2693 2634 2750 τοιοῦτον
2686 2684 2868 2774 εἰσῄει

669 2787 934 2852 οῗκίσκον
970 2787 1183 2871 χρείας
1221 2785 1557 2872 ἀναγκαίας
1585 2788 1777 2850 εἵνεκα
1820 2794 1932 2870 τῆς
1959 2785 2242 2873 γαστρός.
2297 2789 2369 2853 τὸ
2401 2787 2466 2852 δ’
2501 2782 2612 2854 οὖν
2657 2796 2867 2854 τελευ-

666 2899 841 2956 ταῖον
887 2889 976 2973 μὴ
1020 2891 1309 2975 δυνηθεὶς
1338 2891 1401 2967 ἐς
1437 2888 1550 2974 τὴν
1590 2885 1836 2975 συνήθη
1881 2893 1983 2956 καὶ
2023 2890 2298 2979 φανερὰν
2342 2888 2567 2958 ἑαυτὸν
2611 2888 2865 2959 ἀνασώ-

796 3088 850 3142 2.
894 3086 1138 3159 χρῆσθαι
1171 3087 1234 3142 Α.
1370 3084 1458 3141 24.
1505 3083 1976 3144 ἔπανασῶσασθαι
2007 3089 2069 3142 Α.

659 3265 777 3323 tur,
811 3258 975 3312 omnia
1011 3262 1242 3311 testacea
1274 3262 1487 3340 propter
1529 3259 1728 3312 illorum
1761 3259 1954 3314 dierum
1990 3262 2196 3315 solenne
2229 3260 2487 3316 ieiuninm.
2556 3260 2692 3315 Post
2727 3279 2861 3332 quae

660 3345 771 3382 cum
796 3345 985 3381 merum
1013 3328 1285 3381 bibendum
1313 3329 1532 3392 fuisset,
1604 3347 1666 3381 no
1689 3331 1892 3383 vetulus
1918 3334 2205 3384 stomachus
2244 3322 2307 3382 ad
2337 3331 2589 3384 duriorem
2611 3330 2755 3384 illum
2784 3334 2861 3385 ci·-

656 3398 780 3450 bum
807 3396 1165 3449 conficiendum
1193 3397 1510 3458 firmaretur,
1546 3348 1631 3452 ilie
1662 3399 1856 3465 frigida
1898 3417 2014 3451 usus
2047 3409 2145 3451 est.
2214 3400 2425 3451 Solebat
2468 3400 2698 3469 quippe,
2746 3418 2858 3454 cum

658 3482 821 3517 venas
848 3484 970 3518 suas
996 3467 1165 3518 calore
1192 3466 1342 3517 nimio
1369 3466 1582 3518 affectas
1614 3469 1896 3532 sentiebat,
1931 3469 2259 3525 immoderate
2283 3468 2521 3536 frigidam
2543 3469 2757 3532 bibere,
2792 3487 2856 3522 ne

656 3534 764 3587 ulla
784 3552 947 3586 venae
969 3534 1193 3587 sectione
1230 3541 1367 3586 esset
1408 3551 1553 3605 opus.
1622 3536 1744 3589 Tali
1778 3555 1901 3608 ergo
1936 3539 2106 3591 diaeta
2147 3547 2252 3591 tum
2282 3555 2482 3607 quoque
2512 3554 2635 3589 usus
2681 3539 2856 3591 statim

620 3638 627 3644 -
656 3619 816 3670 aeger
841 3622 954 3656 esse
980 3608 1034 3655 et
1060 3621 1090 3655 e
1138 3605 1398 3655 stomacho
1432 3611 1488 3659 et
1530 3604 1684 3657 corde
1720 3610 1949 3674 graviter
1984 3608 2216 3660 laborare
2254 3607 2438 3676 coepit.
2512 3607 2646 3658 Cum
2685 3616 2855 3660 autem

655 3671 819 3741 ipsius
844 3672 1055 3742 spiritus
1086 3679 1274 3725 meatus
1309 3674 1537 3724 obturari
1578 3682 1633 3725 et
1675 3676 1927 3728 coarctari
1970 3676 2213 3739 sentiret,
2261 3693 2324 3728 ac
2365 3682 2576 3727 mortem
2610 3677 2715 3728 iam
2756 3674 2856 3728 sibi.

655 3740 851 3792 instare
880 3747 1131 3805 cerneret,
1160 3747 1214 3792 et
1242 3751 1454 3810 propter
1474 3742 1824 3812 intempestam
1847 3752 2042 3798 noctem
2069 3745 2309 3799 neminem
2336 3745 2608 3814 reperiret,
2637 3745 2725 3814 qui
2753 3744 2854 3798 sibi

656 3808 831 3862 divina
857 3809 1099 3880 mysteria
1123 3810 1498 3879 impertiretur,
1535 3813 1760 3865 omnibus
1799 3813 1937 3866 circa
1964 3814 2206 3884 palatium
2242 3814 2404 3884 portis
2443 3813 2632 3865 clausis
2676 3830 2853 3866 surre-

654 3879 735 3930 xit
760 3888 814 3931 et
837 3880 1035 3949 gratias
1072 3880 1186 3947 egit
1212 3879 1321 3932 Deo
1358 3887 1412 3933 et
1451 3896 1542 3949 pro
1565 3881 1734 3935 salute
1762 3883 1960 3935 animae
1985 3901 2107 3935 suae
2130 3900 2241 3935 cum
2273 3882 2511 3936 uberibus
2534 3882 2774 3950 lacrymis
2800 3887 2854 3935 et

654 3948 1094 4029 genuflexionibus
1116 3948 1284 4000 multis
1306 3948 1489 4002 oravit.
1541 3951 1739 4004 Deinde
1775 3968 1969 4004 sacram
1997 3951 2360 4020 Deigenitricis
2384 3951 2672 4019 imaginem,
2699 3967 2851 4021 quam

652 4033 708 4068 m
734 4017 846 4068 sinu
871 4019 1143 4086 gestabat,
1178 4019 1290 4070 loco
1316 4018 1599 4071 divinorum
1627 4020 1977 4089 mysteriorum
2003 4021 2055 4073 in
2080 4038 2137 4073 os
2164 4021 2406 4073 inseruit:
2441 4037 2655 4089 cumque
2693 4020 2749 4071 iu
2775 4021 2853 4072 le-

651 4090 737 4138 cto
764 4088 1083 4140 consedisset
1101 4123 1118 4148 ‚
1154 4105 1217 4140 ea
1247 4096 1394 4141 nocte
1422 4090 1638 4141 nondum
1661 4091 1835 4172 elapsa
1872 4091 2043 4142 subito
2069 4090 2305 4141 decessit.
2374 4090 2564 4141 Lectus
2599 4096 2772 4142 autem
2794 4089 2850 4140 in
2955 4151 2968 4155 -

650 4155 913 4223 praesenti
941 4156 1258 4276 intellifatur
1291 4173 1392 4209 non
1434 4166 1705 4211 consuetus
1744 4159 1861 4225 ille,
1909 4160 1998 4212 sed
2024 4158 2236 4211 omnium
2264 4156 2493 4220 intimus,
2527 4156 2576 4208 is
2602 4157 2849 4209 videlicet

650 4223 739 4305 qui
764 4223 832 4275 ad
858 4224 1077 4278 latrinae
1131 4235 1244 4276 atus
1273 4226 1406 4277 situs
1431 4226 1545 4279 suit.
1617 4228 1702 4280 Ex
1769 4246 1833 4280 uo
1870 4230 2002 4282 enim
2038 4227 2165 4280 male
2192 4227 2380 4279 habere
2405 4226 2580 4295 coepit
2618 4234 2672 4279 et
2705 4225 2849 4276 diffi-

650 4292 796 4344 cilius
822 4292 1039 4363 spirare,
1079 4293 1288 4364 saepius
1316 4311 1412 4347 uno
1442 4297 1603 4349 horae
1664 4312 1728 4351 ua
1765 4310 1914 4350 rante
1943 4298 2009 4350 ad
2035 4295 2285 4366 requisita
2313 4304 2525 4348 naturae
2554 4311 2615 4347 eo
2642 4311 2697 4345 se
2722 4311 2848 4345 con-

646 4361 868 4418 ferebat.
936 4362 1202 4418 Postremo
1230 4371 1431 4435 autem,
1467 4382 1581 4423 cum
1693 4368 1895 4422 solitum
1916 4373 1971 4421 et
1993 4372 2223 4439 apertum
2238 4364 2421 4420 lectum
2446 4363 2717 4436 pervenire
2740 4377 2844 4416 nou
