3094 4876
571 339 792 388 uvm
995 325 1462 397 NICEPHORI
1500 326 1986 396 GREGORAE
2023 326 2381 397 ELOGIA.

570 486 687 547 Sed
720 506 950 546 summo
979 485 1204 562 labore,
1247 494 1308 546 et
1340 505 1450 568 per
1477 485 1930 547 exercitationes
1960 487 2269 567 plurimas,
2309 484 2504 545 omnis
2529 481 2765 563 generis

570 572 765 631 omnis
809 581 987 630 notae
1028 570 1429 632 eruditionem
1465 571 1775 631 collectam
1811 573 1880 631 in
1909 571 2204 632 thesauris
2225 570 2540 631 memoriae
2573 579 2634 628 et
2656 567 2763 627 in-

568 656 725 736 genii
751 657 1102 737 reposuisti;
1159 667 1340 736 atque
1367 658 1495 717 eius
1537 657 1708 716 velut
1746 677 1993 736 promus
2026 657 2247 721 condus
2289 655 2527 731 existis3
2573 674 2763 733 quae-

566 762 707 802 nam
737 743 984 801 meliora
1026 742 1180 819 sint,
1225 762 1303 801 ex
1346 762 1456 802 usu
1499 743 1768 801 aestimas
1813 742 1902 821 ¹),
1950 751 2010 800 et
2035 762 2111 801 ex
2144 743 2450 820 omnigena
2485 738 2763 799 doctrina

566 828 743 887 facile
767 847 837 886 ac
859 827 1033 887 velut
1049 846 1125 885 ex
1141 837 1348 907 parato
1376 828 1602 907 optima
1615 828 1896 907 'quaeque
1925 827 2213 907 decerpis,
2240 837 2298 885 et
2313 824 2597 885 studiosis
2624 824 2763 882 sub.

565 911 707 971 inde
749 910 1097 972 contribuis.
1183 912 1526 985 Quinetiam
1573 912 1852 989 effecisti,
1896 922 1968 971 ut
2001 922 2060 972 et
2097 909 2438 992 philosophi
2478 910 2762 986 elingues,

566 1007 627 1057 et
670 1007 936 1056 oratores
984 997 1225 1057 minime
1251 995 1594 1078 philosophi
1639 1017 1765 1057 esse
1796 997 2162 1058 viderentur.
2249 996 2380 1055 Hoc
2408 996 2538 1074 ipso
2574 995 2756 1070 enim,

564 1083 731 1161 quod
777 1080 1194 1163 philosophiae
1231 1082 1595 1142 rhetoricam
1649 1082 1984 1159 miscueris,
2030 1092 2091 1142 et
2138 1101 2217 1141 ex
2257 1080 2536 1141 ambabus
2560 1087 2655 1138 tot
2675 1077 2761 1137 li·-

564 1168 704 1227 bros
746 1167 1132 1243 conflaveris,
1176 1168 1239 1226 in
1297 1167 1510 1247 quibus
1554 1169 1868 1227 observare
1908 1176 2000 1227 est
2047 1168 2396 1226 coniunctas
2443 1164 2759 1243 utriusque

564 1252 852 1329 virtutes,
898 1271 1098 1311 nonne
1127 1252 1322 1333 palam
1351 1252 1556 1312 existit
1581 1255 1646 1312 id
1679 1253 1843 1332 quod
1869 1252 2050 1313 dico?
2096 1252 2385 1332 Equidem
2409 1251 2501 1309 sie
2522 1250 2595 1308 de
2624 1269 2760 1309 ora-

562 1336 828 1397 tionibus
870 1337 995 1396 tuis
1044 1339 1234 1397 sentio
1271 1346 1331 1395 et
1366 1337 1721 1418 pronuncio.
1810 1338 1992 1417 Atqui
2029 1337 2176 1396 haec
2204 1336 2466 1397 strictim
2494 1345 2552 1394 et
2589 1336 2760 1394 velut

564 1423 760 1482 obiter
789 1443 824 1481 a
854 1443 948 1481 me
975 1422 1134 1481 dicta
1166 1432 1322 1482 sunt.
1382 1424 1716 1503 Oportebat
1746 1431 1941 1481 autem
1970 1422 2034 1481 in
2064 1431 2305 1481 tuarum
2331 1420 2579 1480 laudum
2613 1440 2753 1479 cur-

561 1507 822 1567 riculum
853 1507 1308 1567 descendentem
1353 1527 1564 1567 cavere
1591 1506 1870 1585 omnino,
1914 1515 1988 1566 ut
2028 1516 2130 1566 tua
2163 1506 2275 1567 tibi
2307 1505 2565 1584 dignitas
2596 1505 2760 1564 salva

563 1601 893 1667 constaret,
936 1601 997 1650 et
1046 1601 1337 1671 quantum
1376 1593 1504 1670 ipse
1544 1593 1860 1651 facundiae
1909 1593 2098 1653 robur
2141 1592 2210 1651 in
2252 1591 2617 1651 orationibus
2642 1590 2763 1649 tuis

562 1677 1055 1757 exprompsisses,
1086 1687 1255 1736 tanto
1287 1677 1465 1736 etiam
1490 1676 1568 1736 ad
1597 1698 1695 1737 ess
1724 1677 1922 1737 verbis
1953 1677 2385 1758 praedicandas
2408 1677 2765 1735 instructum

563 1762 847 1821 accedere
873 1761 1134 1823 decebat.
1188 1763 1278 1821 Tu
1306 1783 1436 1839 nos,
1464 1772 1535 1821 ut
1561 1782 1861 1842 praesens,
1886 1763 1970 1821 ita
1995 1772 2057 1822 et
2078 1765 2288 1823 absens
2309 1762 2588 1821 delectas.
2637 1761 2764 1820 Βο-

559 1865 709 1905 num
751 1846 910 1904 enim
933 1889 951 1921 ‚
996 1868 1136 1906 cum
1176 1857 1328 1907 esset
1360 1848 1425 1905 in
1459 1849 1763 1923 manibus,
1809 1867 1879 1907 eo
1918 1867 2035 1927 quo
2065 1868 2176 1928 par
2211 1857 2338 1908 erat
2363 1866 2540 1907 sensu
2570 1845 2763 1925 perci-

558 1931 884 2011 piebamus.
969 1932 1050 1991 At
1097 1933 1257 2010 quod
1298 1932 1539 1992 urbium
1587 1933 1904 2013 princeps,
1950 1933 2270 2014 eademque
2296 1931 2487 2013 patria
2533 1939 2761 2009 nostra,

558 2025 795 2076 tantum
843 2016 956 2075 sibi
991 2016 1281 2076 honorem
1326 2018 1636 2077 ambitiose
1679 2019 1985 2095 vindicet,
2027 2018 2095 2076 id
2127 2019 2366 2098 quidem
2404 2037 2498 2077 me
2528 2036 2761 2075 summa

557 2103 875 2181 voluptate
918 2102 1135 2161 afficit:
1180 2123 1253 2161 ac
1298 2123 1639 2182 quanquam
1681 2104 1954 2164 locorum
1983 2103 2300 2163 intervallo
2328 2102 2757 2179 disiungamur‚

556 2186 750 2247 nihilo
790 2197 990 2246 tamen
1035 2188 1236 2246 minus
1272 2197 1334 2247 te
1375 2188 1677 2266 diligimus
1719 2209 1895 2268 quam
1935 2189 1983 2246 si
2014 2198 2354 2269 praesentes
2380 2187 2756 2262 adessemus3

558 2281 620 2329 et
651 2272 787 2350 quia
818 2292 1017 2331 coram
1051 2292 1176 2331 non
1202 2272 1375 2347 licet,
1418 2272 1556 2332 ideo
1585 2273 1961 2350 cogitationis
1998 2283 2169 2332 motu
2199 2284 2399 2333 tecum
2427 2292 2756 2333 versamur.

558 2356 871 2415 Caeterum
906 2356 1173 2415 indolem
1217 2365 1386 2415 tuam
1422 2357 1486 2417 in
1516 2358 1891 2417 orationibus
1914 2358 2034 2417 tuis
2062 2379 2403 2438 expressam
2440 2357 2756 2418 cernimus.

555 2438 843 2502 Memoria
874 2451 1072 2500 autem
1098 2441 1547 2502 consuetudinis
1582 2453 1753 2521 tuse,
1799 2453 1858 2503 et
1888 2464 2099 2504 eorum
2132 2445 2235 2523 qui
2271 2443 2539 2504 discendi
2576 2463 2756 2503 causa

555 2524 819 2604 quotidie
845 2527 924 2585 ad
963 2535 1023 2585 te
1046 2527 1378 2602 ventitant,
1422 2530 1686 2587 animum
1725 2529 2048 2599 subeunte,
2090 2529 2440 2589 Academiae
2491 2538 2548 2587 et
2575 2528 2754 2608 Lycei

553 2610 870 2688 imaginem
904 2610 1073 2671 nobis
1101 2611 1455 2690 effingimus.
1541 2615 1630 2672 Ac
1657 2614 1770 2672 tibi
1802 2614 2061 2692 quidem,
2106 2615 2270 2694 quod
2305 2614 2606 2694 praeclara
2636 2615 2754 2673 ista

554 2694 909 2772 obtigerint,
954 2698 1361 2774 gratulamur-3
1402 2719 1514 2757 nos
1560 2718 1704 2758 vero
1729 2699 1924 2779 ipses,
1970 2701 2136 2779 quod
2163 2709 2223 2759 te
2261 2698 2409 2759 haec
2452 2710 2610 2757 aetas
2641 2708 2752 2758 tu·-

549 2779 693 2839 lerit
731 2789 793 2840 et
812 2781 974 2852 vitae
1000 2791 1139 2840 tuae
1163 2791 1400 2862 tempus
1425 2784 1492 2842 in
1518 2782 1638 2843 hoc
1671 2794 1944 2844 nostrum
1967 2785 2265 2844 saeculum
2288 2784 2572 2844 inciderit
2591 2775 2616 2858 ,’
2653 2785 2750 2844 fe·-

553 2865 697 2924 lices
736 2866 1171 2946 praedicamus.
1247 2867 1395 2927 Eius
1424 2869 1538 2927 tibi
1585 2889 1761 2948 quam
1792 2871 2200 2949 longissimum
2233 2870 2494 2951 spatium
2517 2870 2748 2930 utinam

548 2960 939 3031 prorogetur,
983 2961 1053 3011 ut
1097 2972 1300 3011 earum
1345 2973 1549 3013 rerum
1567 3000 1584 3031 ‚
1631 2975 1780 3035 quae
1803 2955 1872 3016 in
1903 2965 1964 3016 te
1986 2955 2235 3017 eximiae
2257 2965 2432 3035 sunt,
2472 2954 2747 3015 homines

551 3055 731 3115 quam
756 3037 1003 3117 plurimi
1030 3037 1355 3119 participes
1379 3037 1547 3099 fiant.

758 3167 872 3234 lv.
917 3169 1311 3237 Plzilotlaeus
1346 3172 1794 3260 patriarcha,
1832 3173 2208 3241 Antirrhet.
2256 3171 2424 3240 XII
2440 3172 2522 3260 ²).

721 3293 1034 3372 Γρηγορᾶς
1062 3293 1117 3354 δ’
1147 3291 1409 3365 οὖτοσὶν,
1452 3292 1518 3357 ἐκ
1546 3289 1870 3376 βαρβάρων
1894 3292 2059 3376 παραὶ
2084 3292 2199 3376 τὴν
2220 3300 2345 3357 ταῖν
2366 3288 2606 3358 πόλεων
2635 3294 2744 3375 βα-

546 3373 745 3436 σιλίδα
770 3376 1020 3454 ταυτηνὶ
1047 3376 1149 3438 καὶ
1173 3374 1286 3456 τήν
1314 3374 1581 3459 μεγάλην
1607 3378 1807 3443 ἐλθών
1833 3384 1955 3444 τῶν
1984 3380 2313 3460 ἐκκλησιῶν
2338 3384 2449 3442 τοῦ
2476 3383 2742 3460 Χριστοῦ

545 3458 774 3540 μητέρα
818 3457 952 3539 (τῆς
984 3456 1099 3541 γάρ
1143 3459 1566 3545 Παφλαγόνων
1610 3460 1849 3546 ὥρμητο
1881 3465 2019 3548 γῆς)
2059 3466 2163 3528 καὶ
2203 3460 2441 3547 ἆγωγῆς
2473 3465 2577 3526 καὶ
2602 3487 2739 3527 παι-

544 3544 708 3616 δείας
736 3543 1005 3606 ἐνταῦθα
1033 3543 1137 3606 καὶ
1168 3542 1401 3627 μούσης
1424 3546 1776 3628 Ἑλληνικῆς
1806 3549 2128 3630 μετασχών,
2173 3549 2258 3624 ὥς
2290 3549 2393 3613 καὶ
2427 3545 2739 3633 μετεώρων

541 3622 805 3711 οἷσκῆσαί
841 3652 976 3692 τινα
1014 3626 1188 3705 δόξαι
1210 3631 1315 3694 καὶ
1338 3627 1632 3715 ὀνόματος
1660 3630 2020 3718 εὕμοιρῆσαί
2042 3659 2236 3710 τινος,
2259 3637 2510 3715 ’μᾶλλον
2542 3632 2608 3696 δὲ
2632 3633 2739 3696 καὶ

537 3718 653 3778 τοῦ
702 3708 842 3777 κατ’
876 3708 1062 3779 αὐτὸν
1098 3711 1439 3799 πράγματος
1468 3719 1848 3801 ὑψηλοτέρου
1877 3721 1980 3782 καὶ
2021 3726 2320 3800 μείζονος,
2361 3715 2431 3782 τό
2458 3717 2567 3799 μὲν
2592 3714 2736 3822 βάρ-

536 3799 731 3881 βαρον
771 3790 934 3880 ἦθος
961 3796 1240 3885 ἀμηγέπη
1269 3804 1372 3866 καὶ
1397 3800 1511 3885 τὴν
1541 3802 1760 3885 φωνήν
1783 3798 2109 3885 ἆποβαλεῖν
2138 3806 2298 3886 ἔσχε·
2340 3807 2465 3866 τῶν
2494 3802 2562 3867 δὲ
2601 3827 2735 3887 τρο-

537 3905 676 3945 πων
722 3907 787 3947 τι
833 3883 939 3947 καὶ
978 3891 1090 3967 τῆς
1110 3883 1356 3969 γνώμης
1387 3887 1457 3953 τό
1504 3887 1817 3972 βάρβαρον
1849 3887 1925 3953 οὐ
1953 3885 2146 3972 μόνον
2173 3886 2287 3954 οὐκ
2313 3890 2479 3970 ἔσχεν
2501 3884 2735 3971 ἀποβα-

536 3972 694 4043 λεῖν»
740 3962 888 4031 ἆλλᾶ
913 3970 1016 4032 καὶ
1050 3969 1585 4056 προσεξειργάσατο
1617 3975 1723 4038 καὶ
1764 3975 2145 4056 προσέθηκεν
2174 3976 2240 4038 ἐκ
2266 3969 2434 4038 πάνυ
2468 3999 2560 4037 τοι
2588 3979 2733 4037 πολ-

532 4055 649 4116 λοῦ
676 4057 787 4115 τοῦ
810 4050 1158 4134 περιόντος,
1206 4063 1329 4121 τῶν
1356 4055 1691 4141 ὁμοφύλων
1723 4062 1938 4143 χείρων
1978 4058 2052 4124 τοὶ
2082 4065 2328 4123 τοιαῦτα
2356 4059 2606 4138 φανεὶς,
2649 4057 2733 4131 (ὃς

531 4135 686 4218 md&
724 4134 1133 4221 παραβάλλειν
1176 4142 1412 4219 ἐξεῖναι.
1463 4150 1692 4226 μᾶλλον
1735 4146 1796 4208 δ’
1838 4145 2058 4209 ἐκεῖνοι
2081 4144 2224 4228 μὲν,
2270 4147 2326 4210 εἰ
2350 4144 2454 4208 καὶ
2495 4139 2730 4228 βάρβα-

596 4322 660 4391 1)
700 4324 793 4379 Vel
824 4323 1035 4381 meliora
1067 4343 1162 4381 usu
1194 4327 1403 4399 probas.
1518 4330 1612 4400 22)
1640 4329 1729 4385 Bt
1749 4329 1878 4396 ’σιὼ
1915 4332 2049 4402 Reg-
2072 4331 2241 4391 1996.
2273 4330 2363 4385 fol.
2395 4329 2528 4388 283·-
